3084 5018
336 467 411 544 220
478 461 691 539 HElNlllCl
718 453 998 556 canonlcon
1024 460 1276 540 LYVONIAE.

336 668 543 744 fortissime
570 665 824 780 repellantur,
859 675 898 739 et
922 666 1052 764 plures
1080 691 1127 740 ex
1153 664 1207 740 eis
1235 667 1433 763 feriantur,
1517 737 1519 762 ζ

335 769 551 844 vulneribus
576 767 750 866 receptiS,
776 778 815 840 et
839 767 901 840 alii
925 764 1216 860 interficiantur3
1243 765 1429 842 tamenin
1508 765 1519 842 l

336 870 496 944 Domino
515 869 761 964 confidentes7
788 879 826 941 et
843 892 982 966 magno
1002 870 1132 942 labore
1150 869 1429 943 multitudinem
1511 843 1519 956 l

336 971 500 1045 hostium
518 979 770 1064 removentes
795 968 947 1043 tandem
972 969 1231 1044 summitatem
1255 970 1428 1044 munitio·
1504 957 1519 1082 j

336 1073 394 1145 nis
412 1071 663 1145 obtinuerunt.
713 1069 804 1142 Erat
827 1069 956 1167 itaque
983 1071 1189 1145 adscensus
1208 1071 1316 1144 valde
1335 1069 1429 1144 difli-

335 1173 435 1270 cilis⁷
472 1197 516 1246 eo
549 1173 646 1269 quod
679 1193 788 1244 mons
819 1171 918 1243 altus
945 1182 1027 1244 erat
1053 1183 1091 1246 et
1118 1173 1358 1270 congelatam,
1391 1183 1429 1246 et
1516 1177 1519 1286 ι

336 1295 466 1348 murus
485 1297 601 1372 supra
618 1281 783 1345 montem
803 1296 848 1345 ex
870 1271 1055 1370 lapidibus
1074 1283 1265 1369 tamquam
1285 1272 1427 1371 glacies
1515 1283 1519 1382 ι

333 1375 548 1474 congelata⁷
575 1373 768 1471 utpedem
787 1396 974 1470 nusquam
998 1372 1302 1472 figerepossent.
1352 1373 1427 1447 Sed
1515 1387 1519 1476 ι

253 1506 255 1508 ·
334 1475 486 1572 quidam
510 1498 579 1572 per
603 1474 758 1569 scalam,
786 1473 937 1570 quidam
964 1499 1031 1572 per
1053 1474 1182 1548 funem
1201 1499 1242 1548 se
1262 1475 1427 1549 detinen-

334 1585 404 1671 tm,
439 1575 555 1646 immo
579 1597 646 1671 per
677 1574 855 1670 angelum
885 1573 1035 1646 Domini
1067 1575 1251 1648 sublevati
1274 1599 1426 1665 sursum
1508 1563 1519 1688 j

333 1674 574 1774 perveniunt
606 1674 849 1771 hostiumque
875 1674 1038 1772 undique
1065 1676 1290 1775 fugientium
1317 1687 1426 1775 terga
1517 1693 1519 1762 t

332 1786 520 1875 premunt.
572 1776 651 1846 Vox
677 1774 918 1848 exultationis
943 1788 981 1849 et
1005 1775 1176 1849 salutis⁵⁹
1205 1777 1427 1850 christiano·
1516 1779 1519 1868 ’ξ

333 1877 434 1950 rum!
471 1875 583 1949 Vox
572 1901 611 1948 ιιι
634 1875 769 1949 Rama!
805 1877 975 1974 ploratus
1001 1888 1039 1950 et
1064 1875 1270 1950 ulutatusss⁰
1296 1879 1426 1952 confu-

332 1977 449 2052 sionis
468 1988 507 2052 et
522 1976 743 2075 perditionis
757 2000 1004 2076 paganorum.
1039 1976 1212 2051 Intrant
1202 2004 1239 2050 ιιι
1259 1989 1424 2052 castrum
1517 1975 1519 2066 ξ

331 2089 369 2154 et
385 2077 615 2152 interficiunt
631 2078 825 2177 populum.
1517 2089 1519 2214 ι

464 2179 622 2252 Parcere
640 2180 799 2277 paganis
817 2203 894 2250 non
911 2190 1070 2276 possunt
1087 2178 1276 2275 Osilienis‚
1515 2217 1519 2270 t

1336 2285 1337 2288 ,
1517 2281 1519 2306 .

492 2279 588 2352 Nam
605 2280 793 2352 trucidant
811 2280 905 2352 alios
925 2291 963 2354 et
980 2280 1134 2379 capiunt
1151 2280 1257 2354 alios.
1515 2365 1519 2379 ι

329 2380 498 2496 Lysones
524 2405 610 2454 cum
632 2380 751 2454 Lattis
777 2381 1053 2456 circumeuntes
1072 2390 1250 2478 castrum,
1276 2380 1426 2454 nullum

329 2507 374 2555 ex
393 2483 448 2556 eis
466 2483 636 2596 effugere
661 2481 892 2580 permittunt.
937 2481 1102 2556 Devictrs
1119 2482 1304 2580 hostibus
1330 2506 1425 2580 gau·
1518 2505 1519 2582 g

329 2585 417 2656 dent
440 2583 614 2680 victores
641 2581 721 2656 Deo
747 2583 898 2656 laudem
925 2593 1114 2657 canentes.
1160 2582 1231 2696 Qui
1256 2581 1423 2682 Davida
1517 2601 1519 2640 ι

326 2682 493 2758 Philist
443 2695 515 2758 teis
548 2707 722 2781 semper
738 2683 919 2780 defendit
955 2682 1092 2758 liberat
1124 2693 1162 2756 et
1199 2685 1280 2781 ipse
1309 2706 1422 2781 sum,

233 2823 235 2827 ·
326 2785 523 2858 victoriam
542 2785 634 2857 dans
652 2783 725 2857 de
715 2783 889 2857 mimicis,
928 2784 1066 2858 Urbem
1080 2784 1246 2883 capiunt,
1263 2785 1422 2880 predam
1515 2777 1519 2886 ξ

325 2884 487 2983 rapiunt
514 2887 621 2958 subst
606 2884 757 2980 tantiae,
783 2910 844 2959 res
863 2884 1020 2960 eximias
1038 2885 1227 3000 diripiunt,
1246 2908 1363 2982 equos
1382 2895 1423 2958 et
1516 2915 1519 2984 ι

325 3008 464 3083 pecora
491 2986 696 3083 depellunt⁷
723 2986 821 3082 quod
846 2986 1128 3083 residuumest,
1155 2985 1248 3084 igne
1268 2987 1422 3058 combu·

325 3094 420 3156 runt.
473 3086 648 3158 Castrum
673 3084 927 3160 Osilianorum
953 3100 1062 3161 vorat
1087 3087 1204 3186 ignis·
1230 3087 1295 3160 sed
1323 3085 1421 3160 chri·
1514 3085 1519 3182 ιζ

222 3228 225 3230 -
324 3185 435 3258 stram
453 3185 575 3284 spolia
593 3186 801 3284 gaudentes
820 3187 1007 3287 diripiunt
1517 3253 1519 3282 ζ

265 3299 315 3386 (5.)
400 3286 535 3359 Castro
567 3287 794 3362 Monense
784 3314 823 3361 m
853 3289 1019 3364 cinerem
1049 3289 1222 3387 redacto
1262 3288 1421 3363 festinat
1518 3341 1519 3346 ,

325 3387 511 3461 exercitus
537 3389 583 3461 ad
609 3389 709 3462 aliud
729 3400 906 3485 castrum,
935 3391 1032 3488 quod
1061 3401 1120 3464 est
1136 3389 1175 3463 in
1192 3343 1316 3464 niedia
1335 3387 1421 3462 Osi·
1517 3433 1519 3490 3

324 3488 392 3584 lia,
425 3491 523 3587 quod
554 3501 709 3562 vocatur
735 3490 892 3563 Waldia
945 3491 993 3564 Et
1020 3501 1080 3565 est
1105 3490 1251 3564 Waldia
1280 3490 1419 3563 fortior
1516 3515 1519 3524 ⁴

325 3591 412 3662 urbs
432 3591 528 3664 inter
546 3590 640 3663 alias
659 3592 771 3664 urbes
789 3590 1056 3692 Osilianorum
1085 3591 1131 3664 ad
1150 3615 1261 3689 quam
1275 3592 1420 3665 resedit
1517 3599 1519 3696 ι

322 3690 521 3786 exercitus,
548 3714 753 3789 preparans
777 3692 1041 3766 instrumenta
1046 3649 1200 3790 bellica,
1228 3702 1293 3791 pat
1278 3693 1420 3766 t-herel

321 3791 380 3862 los
406 3791 581 3866 videlicet
610 3801 648 3864 et
677 3792 893 3867 machinam
923 3817 1122 3892 magnam
1162 3805 1199 3868 et
1229 3793 1418 3866 maximas
1517 3831 1519 3860 1

322 3894 475 3966 arbores
506 3892 686 3990 abiegnas
723 3903 761 3966 et
789 3893 1088 3970 therebinthinas
1125 3895 1170 3968 ad
1202 3894 1417 3980 faciendam
1518 3937 1519 3940 ι

319 3992 453 4065 turrim
485 4003 614 4066 contra
646 3994 893 4070 munitionem
923 3996 1048 4070 castri.
1104 3993 1277 4091 Lyvones
1308 4020 1418 4095 vero,
1517 4037 1519 4074 :

321 4190 365 4263 59)
386 4189 427 4248 cl.
448 4191 546 4247 Psalm.
567 4193 628 4257 117,
650 4192 692 4249 15.
767 4195 810 4266 60)
832 4193 873 4252 Cf.
893 4195 944 4252 Er.
963 4195 1057 4253 Matth.
1076 4197 1102 4261 2,
1125 4195 1166 4250 18.
