3104 5012
329 458 540 533 HEINRlCI
567 458 843 542 CHRONICON
871 459 1121 533 LYVONIAE.
1223 463 1271 536 67

169 660 277 732 iacta
301 661 391 734 cede
418 685 559 758 magna
584 671 621 734 et
639 659 809 734 incendio
831 661 876 732 ad
896 657 1048 758 propria
1067 658 1268 734 redierunt.
1305 713 1306 716 ,

14 817 16 862 ξ
171 760 380 834 Audientes
399 761 469 833 hoc
482 760 655 857 Lyvones
669 761 941 856 ThoredenseS,
962 758 1023 856 qui
1039 759 1270 835 infidelitatis

14 867 17 956 ζ
36 863 48 930 ἶ
166 883 243 934 sue
262 860 419 934 consilia
440 886 525 933 cunr
541 861 743 933 Estonibus
758 861 880 933 adhuc
894 883 1046 956 semper
1059 860 1270 956 habuerant
1327 879 1328 882 ’

165 961 334 1057 occulta,
362 960 546 1058 indignati
565 971 664 1057 sunt,
692 985 735 1033 eo
756 961 856 1058 quod
876 959 1074 1032 Bertoldus
1094 960 1139 1033 de
1157 957 1268 1035 Wenss

165 1062 245 1134 den
264 1085 350 1134 curn
367 1061 487 1135 Lettis
513 1060 654 1134 bellurn
679 1060 858 1134 adversus
878 1060 1036 1140 Estones
1055 1073 1266 1155 renovaret,

165 1171 211 1234 et
237 1163 493 1260 suggerebant
511 1159 702 1259 episcopo,
730 1170 771 1232 ut
788 1160 945 1232 nuncios
973 1160 1010 1231 in
1028 1161 1265 1257 Ungauniam

168 1287 239 1359 pro
254 1286 347 1359 pace
363 1261 456 1334 dest
431 1271 579 1338 ttinere
554 1261 663 1332 tEr
676 1260 778 1332 misit
794 1260 993 1358 episcopus
1008 1260 1264 1334 Alebrandum

163 1361 447 1436 sacerdotem
437 1387 474 1433 1n
502 1343 688 1458 Odempe,
720 1352 798 1434 tarn
823 1385 890 1458 pro
913 1385 1016 1470 pace
1047 1362 1263 1452 renovanda

161 1487 285 1559 quarn
299 1487 366 1559 pro
382 1471 637 1535 mercatorum
651 1461 758 1534 bonis
773 1455 1097 1558 requirendist
1053 1459 1097 1532 Et
1110 1461 1262 1534 audien·
1344 1523 1351 1542 .

165 1571 226 1634 tes
254 1561 415 1636 Estones
442 1563 487 1636 de
514 1571 595 1648 tota
620 1561 793 1660 Ugaunia
818 1562 976 1635 nuncios
1003 1559 1172 1659 episcopi
1198 1563 1261 1634 ad-

14 1649 21 1714 s
154 1661 328 1758 venisse,
357 1673 613 1737 convenerunt
636 1664 681 1734 ad
701 1662 894 1760 placitum,
920 1673 958 1736 et
984 1661 1156 1760 aperiens
1175 1662 1261 1736 Ale·

160 1763 330 1834 brandus
356 1786 399 1834 os
423 1787 534 1835 suum
561 1763 721 1836 docebat
738 1787 804 1837 eos
825 1765 870 1836 de
888 1763 962 1836 fide
981 1761 1129 1834 Christi.
1174 1761 1257 1848 Quo

160 1863 305 1957 audito,
325 1862 486 1936 Estones
506 1887 592 1936 cum
609 1862 751 1937 lanceis
767 1874 804 1937 et
822 1862 955 1961 gladiis
975 1863 1126 1936 adeum
1146 1860 1258 1935 inter-

160 1961 366 2036 ficiendum
394 1973 658 2036 concurrunt·
687 1961 760 2036 Sed
793 1963 945 2061 quidam
973 1988 1018 2036 ex
1046 1961 1256 2035 senioribus
1289 2026 1298 2043 .

157 2087 251 2136 curn
271 2064 530 2137 defendentes:
575 2062 627 2157 Si,
662 2062 853 2160 inquiunt,
885 2063 981 2136 hunc
997 2064 1168 2135 nuncium
1186 2065 1257 2157 epi-

155 2166 265 2257 scopi
290 2165 585 2258 interfecerimus,
612 2166 692 2260 quis
717 2163 823 2237 nodis
851 2162 1015 2260 deinceps
1033 2161 1164 2256 credet,
1191 2169 1261 2236 aut

154 2266 333 2336 nuncium
359 2263 496 2336 mittet?
537 2263 584 2335 Et
613 2264 785 2337 nolentes
817 2263 946 2338 audire
976 2266 1098 2351 verba
1121 2263 1255 2336 salutis

159 2364 389 2437 remiserunt
405 2363 660 2437 Alebrandum
679 2364 871 2463 episcopo⁷
898 2374 935 2437 et
952 2365 1136 2436 miserunt
1152 2363 1253 2436 viros

155 2489 262 2536 cuni·
276 2463 329 2537 eis
358 2488 425 2563 pro
453 2488 547 2561 pace
573 2463 754 2537 facienda.
804 2465 851 2537 Et
871 2464 971 2537 facta
991 2474 1049 2538 est
1067 2489 1139 2560 pax
1166 2487 1253 2535 curn

153 2563 374 2658 Lyvonibus
400 2574 437 2636 et
461 2563 605 2637 Lethtis
629 2564 798 2662 episcopi
825 2589 870 2638 ex
898 2589 971 2635 una
989 2574 1096 2663 parte
1116 2561 1250 2636 Coiwe.

158 2663 360 2736 Bertoldus
387 2689 477 2738 vero
512 2664 557 2738 de
583 2665 752 2738 Wenden
782 2677 820 2738 et
845 2663 1029 2737 Russinus
1057 2687 1142 2736 curn
1171 2664 1250 2735 suis
1372 2681 1375 2688 ·

154 2763 316 2862 Lethtis,
343 2788 570 2863 pacenrnon
588 2764 826 2863 recipientes,
854 2765 899 2837 ad
924 2789 1091 2864 pugnam
1109 2787 1150 2837 se
1169 2789 1252 2861 pre·

154 2877 396 2962 paraverunt.

234 3066 364 3137 Annus
384 3074 464 3138 erat
481 3040 575 3178 pont
560 3065 670 3139 tificis
690 3065 932 3139 duodecimus
957 3076 994 3140 et
1011 3066 1115 3138 siluit
1132 3017 1250 3139 eccle-
1259 3063 1361 3152 (le)

14 3205 15 3230 ³
150 3162 214 3236 sia
233 3163 365 3238 diebus
378 3167 520 3262 paucis
556 3167 652 3238 Nam
667 3191 712 3239 ex
730 3166 962 3240 remeatione
976 3167 1143 3240 eiusdem
1159 3191 1251 3278 P⁰¹.¹'
1262 3151 1340 3206 ¹²¹⁰·

152 3263 269 3337 tificis
298 3289 383 3338 curn
410 3266 621 3379 peregrinis
640 3266 719 3339 suis
738 3267 775 3338 in
793 3267 1082 3362 ΤΙιευίὴοηίωη,
1109 3265 1250 3340 relictis

153 3363 195 3436 in
212 3364 431 3460 Lyvonia
398 3366 493 3438 viris
506 3366 583 3438 suis
603 3391 690 3439 curn
709 3366 941 3480 quibasdam
949 3365 1171 3465 peregrinis
1190 3390 1250 3438 su·

153 3465 239 3536 bito
254 3464 436 3561 Curones,
464 3465 626 3538 nominis
645 3465 813 3539 Christi
803 3466 962 3638 inimici,
975 3476 1067 3564 aput
1084 3464 1250 3539 Sunde¹⁵

153 3563 195 3639 in
227 3565 354 3639 littore
385 3565 502 3639 maris
536 3591 620 3639 cunr
654 3568 738 3639 octo
773 3565 950 3663 pyraticis
981 3574 1248 3678 apparuerunt.

156 3663 266 3752 Quod
293 3664 419 3738 vident
405 3676 462 3739 tes
481 3665 669 3764 peregrini
662 3666 733 3740 'de
753 3666 987 3764 coggonibus
1007 3675 1156 3763 exeunt
1184 3664 1251 3736 rni-

154 3788 269 3840 nores
283 3789 398 3840 naves
413 3765 564 3863 intrant
585 3767 629 3838 ad
645 3789 814 3864 paganos
830 3767 1054 3863 accelerant
1075 3777 1111 3840 et
1125 3767 1249 3839 minus

154 3864 311 3962 provide
329 3865 558 3941 festinantes
565 3891 789 3964 unaqueque
809 3867 912 3939 navis
932 3866 1045 3940 aliam
1064 3865 1252 3941 antecedit

170 3975 198 4036 it
215 3967 344 4040 hostes
364 3967 486 4064 prirna
512 3966 682 4066 attingat.
726 3967 906 4041 Curones·
923 3993 1011 4042 vero
1037 3966 1250 4045 exoneratis
1279 4015 1280 4018 =

155 4162 199 4251 15)
220 4145 318 4219 iretuin
339 4167 410 4220 inter
430 4164 576 4221 Curoniam
596 4176 623 4220 et
641 4163 753 4221 Osiliam
773 4169 897 4223 insulam.
1023 4232 1026 4238 ¹
