3104 5012
252 485 489 583 ¹HlllNRlCl
520 483 799 560 CHRONlCON
824 486 1077 563 LYVONlAE.
1171 495 1217 566 91

20 711 22 782 j
115 688 256 786 rapina
275 685 490 760 diviserunt.
527 685 632 762 Unde
650 684 769 759 territi
787 687 1033 786 Alistegunde
1052 687 1165 761 simul
1184 700 1222 763 et

116 788 182 862 alii
205 785 506 860 Saccalanenses
526 786 710 859 miserunt
730 788 886 860 nuncios
906 811 996 861 suos
1014 788 1052 860 in
1072 788 1218 887 Rigam‚

20 897 21 900 ’
117 900 154 963 et
179 887 319 987 positis
345 885 472 984 pueris
501 887 579 958 suis
608 885 956 987 obsidibuspacem
981 900 1219 987 receperunt,

117 988 234 1062 simul
254 997 292 1062 et
309 986 487 1083 baptismi
515 997 796 1060 sacramentum
824 998 1046 1087 accepturos
1066 1012 1108 1063 se
1134 1015 1220 1087 pro·

23 1127 26 1132 ·
116 1089 287 1161 mittunt.
340 1085 594 1160 Theodericus
620 1110 770 1183 quoque
794 1084 912 1161 frater
935 1088 1102 1187 episcopi
1131 1114 1217 1162 curn

117 1189 239 1263 servis
261 1186 393 1260 suiset
410 1185 609 1260 Bertoldus
628 1189 674 1260 de
692 1188 862 1261 Wenden
876 1187 1099 1286 colligentes
1114 1213 1218 1263 exer·

20 1305 22 1354 3
117 1289 257 1386 citum,
290 1289 426 1383 hyeme
454 1286 530 1359 iam
553 1288 734 1360 redeunte
761 1287 902 1360 vadunt
928 1288 966 1361 in
994 1289 1216 1387 Ugauniam,

20 1411 23 1436 ·
119 1401 156 1463 et
186 1387 425 1462 invenientes
451 1397 570 1460 totam
595 1397 737 1460 terram
764 1411 787 1460 a
813 1387 931 1461 Lettis
962 1399 1149 1463 vastatam
1182 1402 1219 1463 et

20 1499 23 1578 ζ
118 1501 290 1564 castrum
319 1485 614 1562 Tharbatense³⁸
644 1488 856 1584 desertum,
892 1511 914 1560 a
944 1488 1064 1563 Lettis
1095 1490 1218 1563 eciam

20 1593 26 1684 J,
119 1591 312 1688 quondam
330 1588 540 1685 incensum,
567 1597 765 1661 transeunt
782 1586 1060 1686 flumem-quod
1084 1590 1218 1664 dicitur
1311 1625 1317 1634 ·

20 1703 22 1772 }
118 1691 240 1763 Mater
267 1687 501 1785 aquarum39,
530 1697 568 1761 et
592 1687 777 1762 intrantes
801 1687 910 1762 villas
934 1699 973 1762 et
997 1713 1140 1789 paucos
1166 1690 1219 1762 in-

20 1801 23 1872 t
119 1791 316 1865 venientes
334 1789 543 1887 procedunt
560 1789 606 1860 ad
623 1787 751 1885 silvas³
771 1788 834 1861 ubi
851 1789 889 1862 in
903 1813 1059 1864 nemore
1077 1790 1218 1864 densis-

118 1890 215 1964 simo
235 1889 377 1989 pagani
392 1889 609 1987 indaginem
623 1889 810 1986 quandam
824 1890 995 1964 fecerant
1008 1901 1046 1963 et
1064 1893 1218 1965 arbores

20 2013 25 2092 r
120 2014 281 2090 magnas
297 1989 590 2087 circumquaque
604 1987 853 2086 succiderant,
873 2002 915 2063 ut
927 1990 1100 2065 veniente
1115 2015 1219 2065 exer-

20 2093 22 2134 *
120 2091 195 2164 citu
223 2115 266 2165 se
287 2099 325 2164 et
342 2092 440 2163 bona
466 2113 532 2162 sua
560 2089 610 2160 ibi
638 2090 838 2164 salvarent.
884 2091 1218 2189 Appropinquante

119 2191 237 2289 igitur
263 2190 430 2266 exercitu
455 2189 764 2287 christianorum,
799 2191 977 2265 audacter
1004 2203 1218 2289 occurrun'a

20 2343 21 2350 κ
121 2302 157 2366 et
184 2291 399 2365 diutissime
426 2314 468 2364 se
499 2291 743 2364 defendentes
775 2302 930 2389 propter
957 2291 1218 2366 difficultatem

20 2411 23 2474 ῑ
119 2393 191 2488 vie,
209 2393 364 2466 tandem
382 2390 609 2463 multitudini
628 2391 807 2464 resistere
825 2415 900 2464 non
918 2392 1087 2465 valentes
1106 2393 1218 2464 dorsa

120 2503 274 2566 vertunt
299 2504 337 2567 et
363 2491 476 2565 silvas
503 2501 645 2590 petunt.
688 2489 763 2564 Sed
791 2491 854 2563 alii
879 2491 1068 2590 fugientes
1092 2517 1219 2590 perse·

123 2605 301 2689 cruuntur,
328 2601 366 2665 et
392 2592 689 2690 comprehensos
714 2589 955 2688 interficiunt,
982 2591 1161 2666 mulieres
1181 2603 1219 2667 et

122 2695 302 2790 parvulos
322 2693 489 2790 captivos
509 2693 705 2788 duxerunt,
734 2715 848 2788 equos
877 2704 915 2765 et
936 2715 1074 2789 pecora
1098 2693 1217 2765 multa

83 2835 87 2844 ·
123 2794 327 2892 depellunt,
354 2795 452 2866 hona
470 2792 589 2864 multa
609 2791 799 2891 diripiunt.
851 2792 947 2866 Nam
974 2793 1019 2866 de
1046 2803 1127 2866 tota
1152 2793 1217 2866 illa

22 2897 24 2920 ³
123 2895 317 2990 provincia
343 2893 394 2966 ibi
413 2893 662 2991 confugerant
681 2902 718 2966 et
736 2894 833 2965 bona
853 2916 922 2965 sua
942 2893 1069 2968 omnia
1086 2917 1217 2968 secum

122 2993 321 3069 habebant.
365 2995 412 3066 Et
436 2992 563 3066 divisis
589 2993 719 3091 spoliis
738 2993 911 3067 omnibus
930 2994 1027 3068 inter
1051 3017 1105 3090 se,
1132 3019 1218 3067 cum

124 3096 281 3194 captivis
306 3095 344 3167 in
361 3093 568 3190 Lyvoniam
587 3093 788 3168 redierunt.
827 3093 1024 3168 Celebrata
1042 3119 1132 3169 vero
1155 3095 1218 3167 do·
1227 3086 1295 3214 ”22⁰
1360 3104 1363 3114 '

124 3194 264 3287 minice
282 3193 486 3268 nativitatis
515 3195 792 3293 solempnitate,
822 3219 907 3268 cum
931 3193 1084 3293 frigoris
1104 3195 1219 3292 instat
1281 3199 1288 3217 '

23 3293 24 3304 ’
125 3297 312 3391 asperitas
331 3303 369 3370 et
386 3295 532 3368 viarum
553 3295 802 3393 congelantur
847 3296 1107 3393 rotunditates,
1134 3295 1218 3368 mit-

123 3394 244 3471 tentes
264 3395 431 3494 episcopi
450 3419 517 3492 per
532 3396 658 3468 omnia
677 3405 801 3468 castra
813 3321 979 3491 llyvonie
998 3405 1036 3471 et
1053 3420 1121 3493 per
1139 3421 1217 3468 om-

125 3517 188 3566 nes
206 3496 425 3595 provincias
442 3495 650 3592 Lettorum,
679 3505 720 3569 ut
743 3495 896 3569 veniant
913 3521 1000 3568 curn
1026 3495 1216 3570 Theutho·

125 3592 215 3669 nicis
235 3598 273 3670 iu
292 3595 581 3696 expeditionem,
601 3606 639 3670 et
655 3596 847 3670 mittentes
866 3595 1006 3671 milites
1019 3620 1110 3669 suos
1129 3622 1216 3670 curn
1240 3647 1244 3654 ·

24 3751 25 3788 ᾗ
124 3697 331 3795 peregrinis
358 3707 396 3771 et
425 3696 603 3770 fratribus
634 3696 786 3793 milicie⁷
818 3696 1079 3772 collectionem
1112 3722 1216 3771 exer·

24 3789 26 3832 ³
128 3792 220 3869 citus
248 3808 339 3897 aput
358 3797 699 3872 castrumBeverin
718 3806 940 3872 statuerunt.
977 3798 1022 3871 Et
1046 3797 1124 3870 ibat
1142 3798 1306 3896 epi-1212.

24 3935 26 3946 ·
127 3913 261 3994 scopus
280 3897 533 3974 Theodericus
552 3897 735 3972 Estiensis
762 3922 847 3970 cum
872 3898 940 3993 eis,
966 3909 1004 3971 et
1028 3884 1324 3973 celebr·ata¹⁸¹¹·⁶·

128 3999 334 4095 epyphania
365 3997 516 4072 Domini
546 4009 815 4096 processerunt
842 3999 878 4071 in
906 3999 1139 4098 Ugauniam⁷
1180 4012 1217 4075 et

128 4187 169 4263 38)
188 4193 297 4272 Dorpat.
371 4197 416 4271 39)
433 4197 484 4253 Est
501 4197 623 4253 Emhach
643 4197 672 4254 ss.
