3084 5018
283 473 495 548 uniamur
522 443 1074 548 canoniconnvvonnn.
1148 475 1219 546 aea

128 685 258 748 contra
287 697 381 770 quos
407 673 566 746 llutheni
591 674 715 747 cuncti
743 674 786 747 ad
812 685 961 771 portam
980 682 1217 747 concurrunt.

126 775 314 848 lohannes
328 798 416 848 vero
431 773 764 873 de-Appelderin³⁶,
782 775 899 848 frater
912 773 1093 872 episcopi,
1107 771 1275 877 milespa)

127 875 335 972 preclarus,
366 873 493 970 ignem
519 874 657 946 tollens
681 873 718 945 in
746 899 899 947 manum
926 899 1047 970 suam,
1074 873 1219 947 vallum

127 974 271 1073 primus
298 973 479 1047 scandere
504 974 616 1073 cepit
665 974 734 1046 Cui
761 997 891 1048 servus
918 973 1048 1072 ipsius,
1075 973 1219 1068 Petrus,

128 1074 256 1147 statim
275 1074 461 1149 secundus
480 1074 610 1170 adfuit,
639 1084 676 1146 et
694 1074 796 1146 nulla
810 1099 917 1147 mora
934 1073 1218 1168 interveniente,

14 1263 18 1280 y
128 1175 174 1246 ad
199 1173 446 1248 munitionem
466 1197 585 1270 usque
603 1182 757 1271 repente
775 1174 985 1248 deveniunt.
1035 1173 1142 1260 Quod
1168 1173 1251 1264 vig,

128 1274 260 1348 dentes
285 1273 347 1347 alii
375 1275 421 1346 de
447 1273 626 1370 exercitu,
654 1284 809 1347 currunt
828 1298 964 1348 omnes,
976 1274 1217 1369 insequentes

14 1389 16 1442 !
128 1397 207 1447 eos
243 1373 340 1461 Quid
360 1374 494 1472 plura?
537 1374 704 1447 Festinat
722 1374 990 1471 unusquisque,
1017 1384 1057 1447 ut
1073 1373 1218 1470 primus

128 1475 344 1571 adscendet,
371 1485 413 1545 ut
430 1474 516 1547 lesu
534 1474 674 1546 Christi
693 1498 836 1572 sueque
854 1475 985 1548 matris
1003 1472 1120 1546 llarie
1139 1473 1219 1570 glo·

14 1565 16 1592 ¹
127 1574 224 1646 riam
244 1583 283 1646 et
298 1574 449 1647 laudern
463 1574 614 1671 exaltet,
633 1584 675 1647 ut
691 1574 772 1672 ipse
789 1575 939 1648 laudern
955 1584 993 1648 et
1006 1574 1219 1647 mercedem

126 1698 196 1771 pro
215 1674 345 1746 labore
362 1674 618 1786 suffirecipiat.
655 1674 702 1746 Et
719 1675 911 1748 adscendit
931 1717 982 1728 ·-
995 1673 1057 1770 qui
1075 1671 1219 1770 primus

127 1775 342 1870 obvenerat,
371 1773 511 1870 nescio,
543 1774 644 1848 Deus
671 1774 742 1848 scit
760 1816 806 1830 -—
827 1785 865 1847 et
886 1777 1113 1870 sequebatur
1132 1797 1217 1846 eum

127 1873 303 1948 universa
317 1873 526 1945 multitudo.
559 1874 738 1946 Elevabat
751 1874 852 1946 enim
862 1873 1119 1970 unusquisque
1133 1896 1219 1944 con·

127 1973 273 2048 socium
293 1997 403 2046 suum
418 1974 580 2071 desuper
593 1973 631 2044 in
645 1984 823 2071 castrum,
843 1984 881 2048 et
898 1974 960 2046 alii
975 1974 1020 2046 ad
1035 1975 1219 2068 foramen,

127 2098 196 2172 per
221 2076 320 2170 quod
347 2086 559 2147 castrenses
591 2084 694 2145 rotas
718 2098 803 2146 cum
828 2074 977 2172 ignibus
1004 2073 1220 2168 emiserant

126 2173 372 2271 intraverunt,
400 2183 438 2248 et
460 2173 569 2272 primi
588 2173 830 2270 sequentibus
854 2177 938 2247 loca
955 2175 1219 2277 preparabant,

127 2284 167 2348 et
192 2273 326 2372 gladiis
353 2284 391 2348 et
414 2273 742 2348 lanceis'Estones
769 2275 816 2348 de
843 2275 1049 2348 munitione
1077 2275 1220 2372 effuga·

128 2377 228 2447 bant.
277 2375 478 2470 Postquam
495 2373 611 2472 igitur
627 2372 702 2447 iam
721 2373 973 2449 Theuthonici·
985 2375 1093 2446 multi
1109 2398 1220 2448 vene·

128 2485 216 2547 runt
240 2475 278 2546 in
305 2485 483 2571 castrum,
510 2474 657 2570 sequuti
685 2485 773 2547 sunt
797 2498 861 2548 eos
885 2475 1009 2548 Letthi
1034 2473 1152 2548 eclam
1181 2482 1220 2546 et

128 2599 175 2647 ex
205 2573 418 2670 Lyvonibus
449 2573 633 2670 quidam'
668 2573 716 2646 Et
741 2575 868 2647 statim
905 2582 1085 2672 ceperunt
1108 2573 1220 2646 inter·

128 2673 243 2748 dicere
261 2675 456 2773 populum,
483 2685 562 2747 tam
575 2674 676 2747 viros
695 2699 807 2770 quam
826 2675 1004 2749 mulieres
1024 2673 1219 2770 quasdam,

34 2797 39 2804 ·
130 2785 168 2848 et
192 2799 266 2847 non
284 2784 536 2873 pepercerunt
553 2774 621 2870 eis,
649 2785 689 2846 ut
712 2775 787 2847 iarn
811 2774 1065 2849 millenarium
1091 2797 1220 2847 nume·

129 2899 214 2947 rum
241 2875 500 2973 adimplerent.
550 2873 710 2947 llutheni
727 2899 830 2971 vero,
857 2874 1067 2948 diutissime
1094 2874 1221 2947 sede·

128 2973 337 3071 fendentes,
362 2975 515 3048 tandem
528 2973 617 3047 victi
636 2985 734 3072 sunt,
752 2986 790 3048 et
808 2976 971 3074 desuper
988 2975 1085 3048 intra
1103 2972 1221 3046 muni-

130 3073 273 3148 tionem
289 3075 480 3173 fugerunt,
500 3074 640 3148 atinde
660 3076 815 3149 extracti
834 3075 950 3150 occisi
970 3087 1059 3150 sunt
1076 3097 1220 3170 omnes,

131 3199 319 3247 unacum
350 3199 441 3272 rege
467 3174 617 3248 circiter
647 3175 839 3252 ducentos.
891 3176 965 3250 Alii
995 3199 1145 3274 quoque
1175 3173 1221 3250 de

131 3273 297 3349 exercitu
311 3274 637 3348 circumdederunt
650 3275 810 3374 undique
822 3287 988 3350 castrum
1003 3277 1040 3348 in
1051 3273 1220 3370 circuitu,

131 3398 207 3448 non
226 3375 393 3449 sinentes
412 3375 582 3472 effugere
601 3398 838 3470 quemquam.
880 3375 1103 3470 Quicunque
1121 3372 1222 3446 enim

132 3475 177 3549 de
196 3486 320 3548 castro
344 3475 575 3555 descendens
602 3474 648 3546 de
674 3474 773 3547 intus
792 3475 951 3548 evadere
970 3484 1156 3573 poterant,
1179 3473 1222 3544 in
1283 3483 1284 3487 ’

132 3599 266 3648 manus
284 3575 449 3672 illorum,
476 3574 538 3671 qui
561 3573 654 3646 foris
673 3585 792 3671 erant,
810 3575 1032 3648 incidebant.
1069 3574 1124 3645 Ex
1143 3597 1223 3646 om-

131 3675 244 3748 nibus
255 3674 383 3772 itaque
396 3674 498 3772 viriS,
517 3675 579 3772 qui
596 3674 635 3746 in
649 3684 773 3749 castro
793 3685 911 3771 erant,
928 3673 1111 3750 remansit
1124 3696 1221 3746 unus

129 3775 236 3850 vivus
262 3786 421 3874 tantum,
454 3775 515 3872 qui
537 3776 673 3875 fuerat
687 3774 815 3872 magni
841 3775 942 3874 regis
969 3777 1015 3848 de
1047 3772 1222 3848 Susdalia

132 3876 310 3972 vasallus,
337 3876 476 3948 missus
502 3900 524 3947 a
546 3874 697 3949 domino
723 3898 791 3948 suo
820 3900 905 3948 cum
931 3874 1015 3948 aliis
1040 3871 1222 3948 Ruthenis

133 3976 179 4047 ad
207 3975 305 4049 idem
331 3987 507 4049 castrum.
561 3974 668 4048 Hunc
695 3975 898 4050 vestientes
925 3985 1059 4074 postea
1085 3974 1222 4046 fratres

14 279 17 372 ἐ

14 375 23 706 l

14 811 22 1024 l

14 1025 18 1098 :t

132 4173 177 4243 36)
197 4173 298 4247 Apeler
319 4193 332 4226 a
355 4173 552 4253 Bremerbaven
573 4176 605 4225 ad
626 4175 773 4229 meridiem.
