3084 5018
299 411 374 496 ¹2¹10
444 405 655 492 HEINRlCl
683 413 962 492 CHRONICON
989 412 1246 487 LYVONIAE.

296 621 464 694 stianam
477 620 597 717 primo
613 627 874 717 susceperunt,
894 626 932 688 et
945 614 1188 728 postmodum
1205 639 1404 712 nunquam

300 744 407 793 more
438 719 634 815 Lyvonum
663 729 701 794 et
731 719 915 791 Estonum
947 715 1124 828 baptismi
1160 725 1404 790 sacramenta

300 821 547 916 violaverunt,
574 819 827 893 humilitatem
853 828 891 891 et
914 826 980 913 pat
965 816 1136 890 tientiam
1164 841 1299 906 eorum
1328 817 1405 888 col·

301 919 476 1018 laudavit,
504 919 566 1018 qui
594 943 732 994 nomen
759 916 902 991 domini
928 927 1015 989 nost
1016 915 1047 988 ri
1000 917 1163 990 tlesu
1190 900 1332 990 Christi
1357 911 1405 988 ad

302 1021 463 1094 Estones
483 1021 583 1093 etad
603 1019 696 1094 alias
716 1029 848 1118 gentes
867 1018 943 1094 lete
961 1026 1169 1115 portantes,
1194 1009 1338 1089 niultos
1357 1018 1405 1116 de
1532 1071 1534 1122 3

303 1131 424 1234 gente
443 1145 510 1194 sua
535 1131 690 1219 propter
716 1120 874 1194 eandem
901 1118 1014 1192 fidem
1035 1117 1279 1190 christianam
1306 1118 1406 1190 occi·

303 1245 380 1318 sos⁷
414 1221 452 1293 in
479 1231 701 1318 martyrum,
728 1231 769 1293 ut
796 1217 997 1314 credimus,
1020 1217 1256 1290 consortium
1281 1228 1406 1290 trans·
1532 1275 1534 1316 3

303 1321 497 1396 miserunt.
533 1321 687 1395 Wendis
706 1321 825 1394 eciam
843 1318 1013 1391 doctrine
1031 1317 1237 1391 suefidelia
1257 1319 1407 1391 monita·

305 1447 379 1494 non
398 1421 592 1517 subtraxit,
615 1446 779 1494 necnon
798 1431 836 1494 et
853 1419 1042 1492 dominis
1033 1441 1203 1517 ipsorum
1222 1408 1405 1513 fratribus
1531 1441 1534 1490 ἢ

304 1521 449 1634 militie,
469 1523 707 1629 quantumvis
726 1520 883 1594 subditis
902 1520 981 1591 suis
999 1519 1083 1592 leve
1098 1541 1250 1632 semper
1268 1520 1406 1633 iugum
1532 1521 1534 1600 ῗ

304 1615 543 1719 imponentes
561 1621 722 1696 fideliter
740 1622 1011 1716 cohabitarent,
1030 1618 1210 1692 attentius
1229 1620 1405 1693 iniunxit.
1531 1611 1534 1668 '³

305 1722 351 1793 Et
369 1732 455 1819 post
440 1721 568 1795 thoe
559 1747 596 1793 ιιι
612 1721 832 1820 Sygewalde
852 1720 989 1793 similia
1007 1719 1159 1818 pietatis
1173 1720 1407 1794 documenta

305 1821 535 1919 ministram,
563 1823 664 1895 omni
689 1823 813 1895 studio
840 1821 1023 1917 LyvoneS,
1059 1845 1107 1893 ne
1134 1820 1314 1919 deinceps
1341 1847 1408 1896 ne-

305 1922 439 2036 glectis
473 1923 650 2021 baptismi
686 1924 745 1996 sui
771 1921 1018 1995 sacramentis
1053 1921 1099 1992 ad
1135 1922 1406 2018 paganismum

306 2023 485 2118 redirent,
513 2023 718 2098 admonuit
764 2024 811 2094 Et
835 2046 988 2135 semper
1003 2021 1142 2093 fratres
1160 2021 1306 2134 militie,
1334 2049 1407 2097 nec

232 2208 242 2228 x
306 2148 381 2195 non
394 2078 535 2198 etalios
549 2121 871 2221 Theuthonicoss
862 2148 899 2194 m
914 2121 997 2194 aliis
1016 2121 1219 2218 provinciis
1236 2139 1408 2196 commo·
1533 2195 1534 2204 ,

114 2237 121 2244 ·
189 2247 190 2250 ’
307 2224 406 2297 nitos
433 2224 595 2300 habebat
620 2223 817 2320 attentius,
851 2233 892 2297 ut
916 2222 1089 2318 Lyvones
1117 2233 1155 2294 et
1179 2222 1339 2296 Letthos
1367 2237 1409 2298 et

308 2323 402 2396 alios
429 2325 652 2423 neophytos,
678 2325 857 2398 docentes
881 2323 996 2396 fidem
1021 2322 1264 2396 christianam
1289 2347 1409 2397 onus·

275 2503 277 2508 ¹
309 2449 382 2521 que
406 2449 521 2499 suave
546 2427 631 2499 lesu
650 2425 787 2498 Christi
814 2423 982 2496 humeris
1002 2447 1133 2496 eorum
1151 2424 1408 2523 imponenteS,

302 2535 386 2597 tam
405 2525 443 2597 in
471 2525 625 2600 decimis
653 2551 766 2622 quam
789 2525 826 2596 in
852 2524 935 2596 aliis
961 2523 1085 2596 causis
1110 2537 1310 2622 parcerent
1335 2525 1407 2624 eis⁷

309 2651 356 2698 ne
375 2626 519 2723 gravati
533 2626 690 2698 nimium
710 2627 755 2698 ad
771 2624 1031 2698 infidelitatem
1045 2625 1221 2698 redirent.
1258 2627 1304 2697 Et
1317 2650 1410 2698 con-

226 2735 297 2808 Aug.
309 2725 506 2800 summatis
525 2727 630 2799 hisce
649 2725 834 2821 omnibus,
853 2749 1026 2798 reversus
1046 2735 1105 2798 est
1122 2725 1159 2797 in
1173 2726 1321 2823 Rigam.
1359 2728 1410 2800 Et

248 2826 446 2913 (ttibidem
472 2837 656 2901 venerunt
678 2828 724 2900 ad
750 2851 837 2900 eum
866 2825 1133 2922 Theuthonici,
1167 2825 1341 2922 Lyvones
1367 2838 1409 2902 et

308 2927 444 3023 Leuni,
471 2939 670 3024 querentes
696 2927 832 3000 iudicia
851 2949 964 3024 super
990 2927 1115 3000 causis
1140 2927 1310 3000 diversis
1357 2929 1408 3000 Et

311 3028 508 3139 respondit
532 3029 732 3124 unicuique
757 3028 962 3100 secundum
990 3049 1144 3099 causam
1163 3038 1201 3100 et
1218 3029 1409 3125 querimo-

310 3126 411 3198 niam
437 3125 570 3224 ipsius,
596 3137 634 3201 et
660 3148 795 3200 causas
822 3127 1027 3199 multorum
1057 3137 1095 3199 et
1118 3126 1205 3201 lites
1230 3130 1408 3203 determi-

309 3223 455 3300 ιιιινιῐ42.

384 3327 587 3402 Audientes
614 3353 765 3426 quoque
792 3327 954 3401 Rutheni
982 3284 1254 3426 Nogardenses
1275 3330 1406 3420 etalii

262 3517 266 3522 Ι
309 3428 354 3500 de
373 3424 583 3502 civitatibus
602 3429 685 3503 aliis
708 3439 818 3527 apost
803 3429 915 3502 tolice
933 3429 1061 3500 sedis
1052 3453 1090 3500 ιιι
1108 3428 1203 3527 Riga
1221 3416 1407 3546 legatum.

308 3525 492 3603 miserunt
510 3531 554 3603 ad
576 3556 663 3604 eum
681 3529 838 3603 nuncios
858 3552 959 3624 suosa
977 3532 1150 3626 petentes
1170 3533 1215 3603 ab
1236 3555 1279 3604 eo
1298 3533 1407 3629 pacis

189 3662 192 3672 ·
307 3630 382 3700 iam
414 3630 567 3702 dudum
585 3657 607 3704 a
637 3631 905 3705 Theuthonicis
936 3631 1035 3703 facte
1066 3630 1406 3725 confirmationem.

308 3730 356 3801 Et
387 3731 575 3805 exaudivit
560 3742 672 3805 teos
703 3733 740 3804 in
764 3730 975 3804 huiusmodi
1002 3730 1259 3828 petitionibus7
1290 3733 1406 3828 iidem

305 3855 439 3906 eorum
459 3831 579 3932 eciam
598 3833 726 3904 multis
745 3830 1068 3918 exhortationibus
1093 3835 1321 3932 roborando,
1348 3859 1407 3908 re-

270 4019 273 4023 ,
296 3931 411 4003 vmisit
414 3957 485 4028 que
505 3957 637 4056 ornnes
656 3932 693 4036 in
711 3944 851 4008 terram
875 3945 985 4004 suam
1004 3957 1090 4006 cum
1110 3934 1260 4032 gaudio.
1297 3935 1408 4010 Venit
1528 3947 1533 3952 “

308 4113 647 4200 ωαΜΜιι
