3084 5018
355 451 425 523 182
498 451 711 528 HElNRlCl
737 449 1291 526 CHRONlCON'LYVONlAE.

300 677 304 692 ·
352 656 455 755 ginta
469 654 667 730 milibus
633 678 797 728 vrrorum
801 680 894 755 qur
884 654 1151 727 adstabant
1119 678 1164 727 er
1200 652 1274 728 Sed
1296 663 1334 728 et
1348 654 1447 726 alter

351 782 418 831 rex
436 757 581 832 Galatie
600 756 835 852 Mysteslawe
853 756 1069 854 perfugam
1088 753 1216 852 evasit
1258 755 1305 828 Et
1322 755 1369 828 de
1388 779 1447 828 re-

352 858 461 956 gibus
487 859 571 932 aliis
599 856 845 932 ceciderunt
836 881 873 928 rn
901 857 1033 930 eodem
1053 855 1152 929 bello
1172 835 1321 929 circiter
1341 855 1446 952 quin·

351 958 541 1057 quaginta.
578 959 625 1031 Et
642 957 830 1056 persecuti
844 968 932 1031 sunt
949 980 1016 1031 eos
1035 980 1101 1030 sex
1114 956 1257 1054 dietus,
1276 966 1315 1030 et
1332 956 1445 1031 inter-

350 1060 521 1135 fecerunt
539 1087 583 1136 ex
611 1059 665 1133 eis
686 1060 812 1157 plures
831 1082 971 1162 quarn
964 1067 1115 1132 centum
1133 1056 1296 1130 milia
1262 1083 1443 1156 virorum,

351 1161 510 1258 quoruin
536 1184 737 1235 numerum
755 1158 856 1233 Deus
884 1148 988 1232 solus
1007 1159 1120 1252 novit
1148 1167 1186 1232 et
1204 1157 1318 1232 ceteri
1337 1159 1445 1256 fuge·

349 1273 447 1335 rrrnt.
500 1262 548 1336 Et
573 1261 676 1336 misit
692 1285 760 1334 rex
786 1262 831 1334 de
850 1257 1194 1334 Smalenceka²³et
1156 1269 1276 1333 etrex
1296 1258 1343 1332 de
1361 1260 1445 1331 Plo·

350 1364 476 1476 sceke,
504 1375 541 1438 et
559 1363 710 1461 quidam
729 1361 793 1434 alii
820 1384 930 1457 reges
950 1361 996 1434 de
1021 1359 1157 1433 Ruscia
1175 1360 1332 1434 nuncios
1352 1383 1444 1433 suos
1528 1347 1532 1404 l

349 1463 740 1576 inRigam‚petentes
767 1460 1026 1576 eaquepacis
1052 1471 1149 1534 sunt.
1197 1461 1445 1535 Etrenovata

350 1575 408 1637 est
437 1590 511 1662 pax
540 1589 609 1662 per
641 1562 786 1661 omnia,
825 1589 897 1660 que
933 1563 1008 1635 iam
1045 1563 1183 1634 dudum
1219 1571 1306 1635 ante
1341 1563 1444 1684 lacta
1529 1591 1532 1698 1

347 1664 482 1738 furat.

290 1781 342 1869 (2.)
392 1690 503 1840 eRen
517 1789 667 1864 quoque
680 1763 826 1878 Dacis,
828 1762 963 1838 collect
948 1773 986 1837 to
1002 1763 1168 1838 exercitu
1181 1789 1334 1862 magno,
1355 1788 1443 1836 cum
1527 1703 1532 1844 l

244 1935 245 1938 ,
350 1867 488 1942 comite
508 1868 662 1940 Alberto
690 1865 792 1940 venit
816 1865 853 1937 in
880 1865 1050 1978 Osiliam,
1078 1874 1116 1938 et
1142 1864 1240 1963 cepit
1225 1864 1443 1939 tedificara
1526 1851 1532 1948 l

350 1979 516 2042 castrum
542 1966 742 2066 lapideum
789 1965 835 2038 Et
862 1965 1055 2042 exiverunt
1077 1964 1173 2039 Dani
1201 1965 1246 2038 ad
1271 1991 1443 2064 pugnan-
1530 1981 1532 2056 ξ

281 2130 286 2144 .
351 2071 438 2140 dum
465 2079 597 2142 contra
621 2067 821 2163 Osilianos7
850 2077 888 2141 et
916 2091 991 2139 non
1023 2066 1219 2140 valuerunt
1249 2066 1339 2161 soli,
1375 2067 1442 2140 sed
1530 2057 1532 2208 1

348 2169 451 2242 venit
476 2169 531 2242 eis
556 2169 594 2240 in
618 2168 798 2241 auxilium
825 2191 952 2241 comes
981 2168 1156 2242 Albertus
1180 2192 1265 2240 curn
1284 2169 1375 2265 suis⁷
1405 2178 1443 2242 et
1530 2223 1532 2262 1

350 2271 535 2344 convertit
551 2268 768 2342 Osilianos
758 2294 795 2340 rn
814 2269 944 2366 lugam
964 2279 1001 2343 et
1019 2268 1073 2340 int
1058 2270 1287 2342 terfecerunt
1310 2268 1442 2367 piures
1530 2269 1532 2350 l

351 2394 395 2443 ex
415 2371 482 2468 eim
509 2381 546 2444 et
564 2371 678 2444 ceteri
696 2371 883 2468 fugerunt.
924 2369 1032 2444 Venit
1049 2393 1197 2467 quoque
1214 2370 1442 2443 venerabilis
1530 2319 1532 2426 l

348 2471 523 2585 Rigensis
542 2471 742 2570 episcopus
756 2496 842 2544 curn
861 2471 1043 2584 magistro
1059 2471 1192 2544 militie
1211 2481 1248 2544 et
1233 2471 1441 2544 tfratribus
1529 2433 1532 2580 1

349 2573 440 2669 suia,
459 2583 598 2646 etcum
617 2571 830 2668 Lyvonibus
848 2571 1082 2669 quibusdam,
1102 2581 1139 2644 et
1158 2596 1243 2644 cum
1262 2571 1357 2668 aliia,
1377 2572 1443 2669 qui
1529 2581 1532 2642 l

349 2673 455 2746 missi
446 2673 623 2747 fuerant
641 2699 663 2746 a
680 2671 847 2768 Lyvonia
865 2674 910 2744 ad
930 2697 1060 2771 regem
1078 2671 1222 2746 Dacie
1212 2698 1249 2744 rn
1269 2672 1441 2746 Osiliam.
1530 2643 1532 2734 l

350 2773 397 2846 Et
419 2775 571 2873 gavisus
600 2784 657 2847 est
680 2798 746 2847 rex
771 2775 817 2847 de
845 2775 1004 2847 adventu
1031 2798 1173 2847 eorum.
1216 2773 1263 2846 Et
1287 2774 1441 2848 locutus
1531 2805 1532 2868 3

350 2884 407 2948 est
426 2875 480 2950 eis
499 2900 612 2973 super
626 2874 827 2948 donatione
844 2874 923 2971 itta,
942 2899 1015 2972 qua
1029 2875 1165 2948 donata
1184 2874 1254 2947 luit
1272 2875 1306 2948 ei
1320 2874 1442 2971 Lyvo·
1530 2871 1532 2926 t

248 3025 252 3034 ,
349 2975 421 3047 nia.
470 2975 517 3049 Et
539 3001 614 3048 non
641 2975 999 3070 consenseruntei‚
1039 2976 1104 3050 sed
1134 2977 1443 3050 contradixerunt
1530 3009 1532 3078 3

350 3100 483 3150 omnes
512 3077 756 3172 unanimiter,
789 3087 901 3172 prout
927 3076 1048 3160 edocti
1072 3078 1221 3150 fucrant
1245 3101 1267 3149 a
1294 3077 1441 3150 cunctis
1529 3095 1532 3132 ³

348 3175 600 3250 habitantibus
632 3177 669 3249 in
697 3175 877 3273 Lyvonia,
912 3187 950 3251 et
976 3177 1237 3276 supplicabant
1265 3177 1315 3276 ei,
1352 3188 1443 3262 uta

347 3276 414 3348 tali
437 3277 703 3375 inquietatione
720 3277 885 3372 Lyvonie
904 3289 1083 3376 cessaret
1110 3289 1147 3353 et
1169 3289 1310 3353 terram
1329 3281 1441 3354 beate
1531 3327 1532 3334 κ

350 3378 509 3476 Virginis
527 3379 685 3452 liberam
703 3377 941 3475 relinqueret.
986 3381 1101 3477 unde,
1128 3380 1255 3454 habito
1281 3378 1441 3453 consilio
1530 3391 1532 3424 ³

348 3481 575 3578 prudentum
593 3495 760 3594 suorum,
785 3480 937 3554 tandem
964 3480 1141 3596 episcopo
1166 3480 1372 3577 Lyvoniam
1400 3492 1442 3554 et
1531 3477 1532 3480 '

350 3581 475 3653 omnia
500 3579 665 3675 Lyvonia
690 3581 884 3654 attinentia
908 3605 994 3653 eum
1014 3581 1117 3654 omni
1140 3561 1311 3655 libertate
1329 3582 1442 3656 resti·
1530 3659 1532 3688 1

347 3681 428 3754 tuit.
464 3680 506 3753 ln
524 3680 686 3755 Saclrala
703 3707 792 3758 vero
812 3692 850 3755 et
867 3681 1038 3780 Ugaunia
1056 3682 1225 3782 regalia
1216 3707 1297 3755 rura
1315 3683 1441 3756 fratri·
1530 3693 1532 3766 ξ

347 3784 416 3855 bus
438 3781 587 3878 militie,
613 3783 678 3856 sed
705 3783 884 3896 episcopo
904 3782 1056 3881 Rigensi
1077 3784 1284 3882 spiritualia
1303 3795 1442 3858 cuncta
1530 3783 1532 3880 i

348 3883 499 3980 dimisit
526 3883 704 3982 adiciens,
731 3893 773 3956 ut
789 3881 860 3956 sibi
877 3895 1098 3982 perpetuam
1116 3885 1337 3959 fidelitatem
1356 3910 1441 3985 pre·
1530 3887 1532 3972 J

348 3993 501 4082 starent
529 3996 567 4059 et
593 3985 671 4058 suis
697 3996 776 4060 tam
794 3995 925 4058 contra
952 3984 1144 4060 Ruthenos
1169 4010 1282 4084 quarn
1308 3997 1440 4060 contra
1531 3983 1532 3986 '

348 4184 393 4260 23)
412 4151 563 4241 Smolenslr.
