3104 5012
299 501 348 572 88
446 494 658 568 HlllNRlCl
685 491 963 594 CHRONlCON
988 492 1241 568 LYVONlAE.

299 693 1402 793 imminenciaconsiderans‚prodecimamensuramquan·

299 799 387 870 dam
404 797 532 893 modii,
555 796 618 892 qui
644 805 745 870 esset
772 796 902 869 decem
927 805 966 871 et
991 806 1076 868 octo
1103 794 1319 896 digitorum,
1347 798 1400 870 de

300 897 467 996 quolibet
497 920 592 995 equo
624 896 818 970 annuatim
849 896 1065 970 solvendam
1094 897 1140 969 ad
1172 897 1394 995 petitionem

299 999 466 1096 ipsorum
481 996 651 1094 instituit,
671 1007 708 1070 et
721 1007 884 1094 quatuor
902 998 1167 1096 episcoporum
1185 997 1398 1095 privilegiis

299 1098 505 1198 sigillando
519 1096 769 1190 confirmavit,
795 1097 847 1170 ita
865 1108 994 1172 tamen
1012 1108 1065 1194 ut,
1092 1097 1123 1170 si
1143 1098 1289 1195 quando
1303 1097 1398 1171 fide-
1525 1153 1538 1194 p

298 1200 414 1274 litatis
441 1223 509 1272 sue
536 1197 653 1294 obliti,
680 1196 888 1270 infidelium
912 1221 954 1272 se
972 1197 1140 1272 consiliis
1166 1198 1396 1272 inmisceant

300 1310 338 1376 et
361 1299 493 1372 ritibus
513 1321 747 1397 paganorum
768 1297 943 1396 baptismi
964 1297 1022 1370 sui
1040 1309 1323 1373 sacramentum
1340 1298 1395 1370 in·
1536 1357 1538 1364 Α

299 1400 440 1497 ficiunt
460 1399 505 1471 ad
525 1397 691 1471 decimas
709 1398 909 1472 solvendas
929 1408 967 1473 et
985 1409 1110 1473 cetera
1129 1398 1209 1472 iura
1224 1397 1398 1472 christia·
1536 1419 1538 1426 ’

298 1500 426 1575 nitatis
444 1498 621 1596 deinceps
639 1497 873 1596 integraliter
889 1509 1099 1573 teneantur

239 1616 288 1700 (6)
374 1599 484 1671 Hiis
474 1609 600 1695 itaque
615 1598 806 1696 dispositis
825 1601 953 1697 presul
966 1600 1155 1696 Albertus,
1174 1598 1316 1675 relictis
1331 1598 1399 1671 tri

299 1703 368 1773 bus
396 1698 583 1797 episcopis
602 1697 640 1770 in
657 1697 824 1794 Lyvonia
848 1708 886 1774 et
911 1710 1045 1796 quarto
1064 1712 1153 1773 tunc
1172 1710 1394 1774 consecrato

298 1800 380 1875 vioe
398 1823 467 1873 sua
486 1797 703 1893 commissa,
721 1799 858 1875 rediit
848 1825 886 1872 m
905 1800 1180 1874 Tbeutlioniam
1199 1825 1267 1900 pro
1286 1824 1397 1899 pere·

298 1900 416 2014 grinis
445 1909 482 1973 et
516 1923 588 1996 que
614 1899 830 1974 necessaria
856 1910 964 1974 erant
992 1900 1225 1975 infuturum
1252 1925 1393 1975 annum

299 1999 534 2099 colligendiS,
552 2001 765 2098 nequando
786 2001 1021 2074 cessantibus
1040 1997 1250 2100 peregrinis
1269 2001 1397 2100 magis

298 2100 530 2200 periclitetur
548 2100 709 2174 ecclesia
726 2100 971 2196 Lyvouonsis

239 2214 289 2300 (7.)
372 2201 698 2274 Saccalanenses
689 2201 839 2276 interim
858 2213 896 2274 et
908 2201 1156 2302 Ugaunenses
1171 2202 1293 2275 adhuc
1311 2200 1396 2274 sani
1534 2251 1538 2260 ·

298 2311 337 2374 et
354 2300 575 2398 incolumes
596 2300 801 2375 exercitum
816 2325 999 2399 magnum
1017 2311 1239 2399 convocant
1257 2301 1397 2375 etbet·

297 2412 424 2478 torum
451 2401 663 2500 provincias
690 2401 873 2474 intrantes
897 2412 935 2475 et
953 2425 1022 2501 per
1039 2403 1220 2475 silvarum
1238 2401 1395 2476 latibula

297 2502 399 2600 ipsos
419 2501 667 2601 exagitantes,
693 2502 822 2599 plures
842 2528 886 2575 ex
906 2503 1076 2601 cognatis
1095 2513 1133 2577 et
1151 2502 1283 2575 amicis
1302 2503 1402 2574 llus:

298 2602 368 2675 sini
401 2602 848 2717 comprehendentcst
793 2601 848 2674 int
850 2602 1042 2700 erliciunt
1081 2614 1119 2677 et
1149 2604 1187 2675 in
1218 2601 1395 2676 Tricatua

297 2703 558 2777 Thalibaldum
579 2713 616 2776 et
629 2701 840 2800 provincias
856 2702 1167 2777 circumiacentes
1182 2703 1397 2799 despolian-

297 2814 355 2877 tes
381 2803 482 2876 iuxta
509 2812 676 2875 castrum
693 2802 852 2876 Beverin
877 2814 1168 2903 congregantur.
1222 2802 1270 2875 Et
1296 2802 1395 2876 obsi·

299 2905 430 2977 dentes
456 2913 625 2976 castrum
651 2912 688 2976 et
713 2913 924 3000 pugnantes
950 2929 1018 3001 per
1042 2914 1162 2977 totam
1187 2902 1287 2978 diem
1306 2927 1393 2976 cnm

296 3002 415 3076 Lettis
447 3013 485 3076 et
513 3003 641 3117 ignem
673 3001 869 3099 copiosum
902 3014 1189 3122 conportantes,
1220 3004 1395 3077 tandem:

298 3101 494 3199 Numquid
520 3102 702 3199 inquiunt
731 3102 833 3175 obiiti
857 3106 1014 3177 estium
1004 3107 1237 3192 terfectorum
1256 3111 1396 3177 oestro·

299 3225 381 3276 rum
407 3201 458 3274 ud
488 3201 665 3296 Ymerum,
691 3210 733 3275 ut
750 3202 872 3276 adbuc
891 3228 963 3297 pro
982 3229 1078 3298 pure
1095 3203 1269 3293 facienda
1287 3203 1395 3278 uobis

299 3326 372 3376 nou
397 3302 631 3397 supplicetis?
683 3304 730 3375 At
754 3302 825 3375 illi:
860 3303 1048 3401 Numquid
1070 3329 1143 3378 nou
1170 3308 1253 3377 estio
1278 3311 1314 3377 et
1327 3329 1394 3379 vos

299 3407 374 3475 inm
398 3426 573 3476 memores
589 3406 773 3476 seniorum
791 3411 993 3478 vestrorum
1017 3412 1053 3477 et
1073 3404 1394 3479 innumerabilium

298 3511 391 3596 aput
415 3502 640 3596 Thoreydum
666 3506 957 3600 interfectorum,
992 3512 1034 3577 ut
1018 3503 1249 3580 tuobiscum
1279 3529 1394 3578 uuum

298 3605 415 3678 Deum
433 3603 604 3699 credatis,
623 3611 659 3676 et
673 3603 891 3699 baptismum
910 3629 991 3678 cum
1004 3629 1098 3700 pure
1140 3613 1289 3700 erpetuu
1302 3608 1395 3678 reci-

292 3705 431 3799 piatis?
466 3704 549 3792 Quo
569 3705 696 3778 audito
715 3705 896 3803 indignati
915 3717 1015 3802 sunt
1042 3715 1080 3780 ct
1098 3631 1137 3778 (l
1125 3706 1326 3780 vertentes
1345 3707 1394 3780 de

298 3816 422 3880 castro
451 3829 536 3878 cum
561 3803 721 3904 rapina
722 3806 894 3880 celeriter
916 3807 954 3880 in
980 3817 1120 3880 terram
1145 3830 1255 3880 suam
1272 3805 1393 3882 redic-

298 3916 395 3979 runt.
369 3905 634 3979 tLettorum
659 3931 747 3980 vero
778 3907 822 3980 de
849 3905 1006 3980 Beverin
1026 3906 1208 4004 seniores
1235 3906 1333 3981 Dote
1353 3918 1392 3982 et

297 4005 424 4103 mike,
451 4017 584 4079 euntes
611 4004 744 4104 Rigam
771 4015 900 4079 contra
927 4005 1224 4082 Saccalanenses
1251 4007 1393 4121 suppli·

297 4106 390 4182 citer
415 4107 594 4180 auxilium
621 4106 873 4204 postulabant.
916 4106 963 4179 Et
981 4117 1180 4206 surgentes
1199 4107 1389 4222 peregrini

297 4207 574 4280 cumfratribus
589 4205 739 4303 milicie,
759 4215 797 4280 et
810 4207 1064 4282 Theodericus
1078 4209 1196 4284 frater
1210 4208 1390 4307 episcopi
