3104 5012
318 507 389 577 118
462 500 675 576 HElNlllCl
702 499 981 575 CHRONlCON
1006 499 1258 575 LYVONIAE.

311 703 544 778 obsederunt
563 712 730 775 castrum
743 702 891 797 Autine,
919 712 956 776 et
974 701 1170 777 exiverunt
1187 704 1324 777 fratres
1343 703 1417 774 mi·

314 801 401 876 licie
428 805 473 878 de
498 803 666 877 Wenden
690 803 861 876 volentes
888 803 1030 876 bellare
1048 826 1136 875 cum
1154 803 1220 898 eis
1248 813 1286 876 et
1304 802 1417 876 intel·

316 903 488 977 lexerunt
505 902 576 1000 ipsi
595 904 751 976 verbum
777 902 851 975 hoc
870 912 907 976 et
930 903 1109 1001 fugerunt
1127 903 1249 978 ceiam
1268 913 1308 976 et
1324 903 1413 1001 ipsi.

316 1002 364 1076 Et
390 1003 490 1079 circa
514 1025 713 1101 vesperam
739 1003 933 1077 venientes
951 1003 989 1075 in
1007 1003 1233 1100 Tricatuam⁷
1261 1004 1417 1077 invene-

314 1114 402 1178 runt
429 1103 692 1177 Thalibaldum
723 1103 768 1176 de
794 1103 974 1176 silvarum
1005 1103 1172 1176 latibulis
1197 1103 1243 1176 ad
1274 1104 1415 1177 balnea

314 1204 484 1301 rediisse,
512 1215 549 1277 et
568 1202 932 1301 comprehenderunt
949 1227 1047 1299 eum,
1075 1213 1113 1277 et
1130 1203 1256 1277 vivum
1280 1204 1416 1277 crude·

313 1303 400 1378 liter
418 1306 464 1378 ad
490 1305 616 1403 ignem
643 1313 906 1378 cremaverunt
929 1302 1204 1378 comminantes
1230 1303 1265 1377 ei
1283 1303 1414 1377 interi·

314 1414 409 1500 tum,
439 1404 510 1478 nisi
536 1403 734 1502 pecuniam
762 1427 870 1476 suam
897 1403 952 1477 eis
978 1413 1098 1478 totam
1125 1404 1309 1477 ostendat.
1364 1403 1414 1475 llt

315 1505 479 1578 ostendit
509 1505 564 1578 eis
591 1503 789 1600 oseringos
817 1503 1098 1602 quinquaginta.
1151 1503 1226 1578 Sed
1252 1503 1307 1576 illi
1333 1526 1411 1576 non

314 1604 439 1678 minus
458 1628 546 1679 eum
566 1615 836 1678 cremaverunt
880 1606 929 1676 At
946 1604 1026 1677 ille:
1053 1602 1095 1675 Si
1113 1603 1411 1677 demonstravero

314 1704 457 1800 vobis,
447 1703 577 1802 inquit,
598 1726 738 1776 omnem
749 1707 945 1797 pecuniam
959 1727 1076 1777 meam
1095 1711 1133 1777 et
1141 1703 1302 1793 filiorum
1313 1727 1412 1776 meo-

314 1827 409 1907 νιμκ,
435 1828 509 1878 non
526 1807 645 1876 minus
657 1828 718 1875 me
726 1804 955 1899 'cremabitis,
978 1814 1017 1877 et
1034 1803 1204 1877 noluit
1171 1826 1226 1878 ers
1245 1804 1410 1902 amplius

313 1893 490 1980 indicare.
549 1905 654 1978 Unde
684 1905 821 1977 iterum
856 1915 1039 2003 ponentes
1071 1928 1158 1977 eum
1190 1905 1277 1977 ad
1266 1923 1409 2001 rgnem

313 2015 507 2101 tamquam
526 2004 669 2103 piscem
689 2011 923 2101 assaverunt,
951 2005 1071 2077 donec
1095 2005 1259 2077 animam
1286 2003 1410 2078 reddi-

315 2104 368 2176 dit
391 2115 430 2177 et
446 2116 619 2177 mortuus
637 2115 705 2178 est.
751 2105 799 2176 Et
823 2104 910 2200 quia
936 2103 1161 2177 christianus
1187 2104 1269 2201 fuit,
1297 2115 1335 2178 et
1363 2105 1410 2178 de

314 2202 481 2278 fidelium
494 2205 688 2278 Lettorum
706 2228 863 2278 numero
867 2227 1094 2303 speramus
1108 2204 1275 2277 animam
1289 2203 1409 2303 ipsius

313 2303 389 2377 lete
408 2328 476 2402 pro
495 2314 599 2377 tanto
619 2305 797 2399 martyrio
824 2305 862 2376 in
890 2316 1018 2378 eterna
1043 2303 1205 2378 leticia
1195 2330 1233 2376 m
1259 2314 1410 2378 sancto

313 2429 399 2476 rum
423 2414 631 2501 martyrum
656 2404 836 2478 societate
863 2405 1038 2503 gaudere.
1089 2404 1136 2477 Et
1159 2404 1302 2478 reversi
1320 2415 1411 2477 sunt

312 2505 475 2580 Estones
493 2507 531 2578 in
549 2516 690 2580 terram
708 2529 829 2602 suam,
852 2517 890 2578 et
908 2505 954 2577 ad
974 2505 1151 2577 nichilum
1170 2504 1317 2603 redegit
1333 2504 1409 2577 Do-

311 2605 436 2678 minus
463 2606 664 2679 consilium
691 2629 833 2679 eorum.
877 2605 980 2677 Tunc
1004 2604 1071 2676 lilii
1089 2604 1310 2700 Thalibaldi,
1337 2605 1410 2678 Ra·

311 2706 423 2779 meko
439 2716 477 2780 et
489 2705 717 2800 Drivinalde,
735 2705 917 2801 videntes⁷
936 2704 1021 2801 quia
1041 2715 1212 2778 mortuus
1227 2715 1286 2778 est
1297 2715 1408 2803 pater

312 2830 457 2903 eorum,
483 2804 568 2879 irati
593 2815 680 2877 sunt
698 2815 828 2878 contra
847 2804 1007 2878 Estones
1025 2805 1146 2902 valde,
1173 2815 1210 2878 et
1227 2805 1407 2902 colligen-

310 2915 369 2980 tes
388 2905 594 2979 exercitum
607 2904 802 2978 Lettorum
821 2928 907 2976 cum
921 2903 1052 2977 amicis
1072 2916 1111 2979 et
1123 2905 1294 3003 cognatis
1312 2905 1405 3001 suis,

312 3016 351 3078 et
367 3005 470 3077 ibant
489 3029 575 3077 cum
594 3005 648 3077 eis
666 3004 802 3077 fratres
817 3003 954 3078 milicie
973 3005 1019 3078 de
1031 3006 1200 3079 Wenden
1219 3029 1306 3078 cum
1321 3004 1406 3076 aliis

311 3103 592 3200 Theuthonicis‚
621 3115 658 3176 et
683 3104 917 3177 intraverunt
938 3105 1163 3202 Ugauuiam,
1195 3103 1408 3203 despolian-

209 3237 213 3244 ·
310 3215 369 3278 tes
387 3203 497 3277 villas
517 3227 648 3278 omnes
668 3214 705 3278 et
721 3202 886 3278 flammis
904 3206 1173 3302 tradentes
1135 3214 1173 3278 et
1199 3204 1300 3277 viros
1327 3229 1407 3276 om·

312 3327 392 3402 nes,
420 3328 513 3401 quos
532 3304 849 3402 comprehendere
867 3314 1083 3402 potuerunt
1108 3305 1214 3377 vivos
1240 3304 1278 3376 in
1296 3305 1405 3376 ultio·

312 3428 399 3477 nem
408 3404 616 3477 Thalibaldi
632 3414 904 3478 cremaverunt.
937 3404 984 3475 Et
998 3415 1121 3477 castra
1132 3403 1257 3476 omnia
1271 3428 1405 3477 eorum

311 3505 570 3601 incenderunt⁷
589 3515 630 3577 ut
647 3504 814 3577 nullum
805 3529 842 3576 m
857 3503 911 3576 eis
925 3504 1115 3607 refugium
1129 3505 1321 3578 haberent.
1358 3503 1406 3575 Et

312 3607 519 3702 querebant
543 3628 609 3678 eos
637 3604 673 3676 in
699 3603 910 3677 tenebrosis
936 3629 1135 3678 nemorum
1161 3603 1340 3701 latibulis,
1367 3615 1406 3678 et

311 3729 499 3802 nusquam
529 3706 575 3777 ab
607 3704 662 3778 eis
691 3705 923 3778 abscondere
952 3727 994 3778 se
1020 3715 1240 3802 potuerunt
1276 3716 1314 3778 et
1344 3728 1406 3777 ex·

312 3815 451 3877 tractos
479 3804 524 3877 de
551 3803 655 3877 silvis
677 3803 957 3900 interfecerunt,
988 3815 1026 3877 et
1050 3805 1229 3878 mulieres
1258 3814 1296 3878 et
1320 3827 1406 3902 par·
1530 3809 1532 3816 ’

311 3904 422 3977 vulos
449 3927 581 3977 eorum
608 3903 776 4003 captivos
803 3927 933 3977 secum
960 3904 1203 4000 deduxerunt,
1230 3915 1269 3978 et
1285 3916 1405 4001 equos

313 4012 352 4078 et
369 4028 506 4102 pecora
524 4005 710 4078 minantes
729 4003 851 4101 spolia
869 4004 987 4077 multa
1005 4005 1183 4100 tulerunt,
1208 4016 1246 4078 et
1263 4003 1406 4079 reversi

313 4115 401 4176 sunt
426 4104 464 4178 in
490 4115 630 4179 terram
654 4128 774 4178 suam.
823 4103 870 4176 Et
895 4104 1136 4178 redeuntibus
1158 4105 1196 4177 in
1220 4104 1281 4178 via
1306 4104 1407 4178 Letti
1530 4191 1531 4194 Ἴ

312 4203 450 4278 iterum
475 4205 539 4278 alii
566 4215 828 4300 occurrerunt,
860 4214 898 4277 et
925 4216 1192 4303 processerunt
1215 4205 1254 4277 in
1281 4205 1406 4303 Ugau·
