3104 5012
339 463 411 544 '102
482 465 695 541 HElNRlCl
724 465 1002 541 CHRONICON
1028 465 1280 540 LYVONlAE.

338 669 397 744 die
416 693 460 743 ac
478 681 601 766 nocte,
619 694 695 741 non
713 668 954 765 requiescunt
971 669 1090 743 donec
1109 668 1155 741 ad
1175 669 1432 744 summitatem

337 770 451 843 castri
470 770 783 883 appropinquant,
803 769 922 843 donec
939 769 1082 842 vallum
1100 769 1293 865 scinditur,
1312 771 1432 845 donec
1525 856 1526 859 Ἴ

337 870 497 944 munitio
522 880 602 944 tota
625 869 702 943 iam
727 869 857 944 venire
883 871 929 942 ad
948 880 1088 944 terram
1101 880 1339 984 expectatur
1387 872 1433 943 Et

335 971 504 1046 videntes
530 971 783 1068 Lyvonest
731 971 783 1042 alt
784 970 966 1044 itudinem
996 969 1110 1044 castri
1134 971 1193 1042 sui
1222 970 1432 1044 firmissimi

335 1070 411 1146 iam
439 1073 485 1145 ad
503 1096 590 1172 yma
609 1071 812 1170 declinare,
839 1071 1069 1144 consternati
1094 1071 1219 1144 animo
1248 1079 1286 1144 et
1304 1083 1430 1147 mente

335 1172 495 1268 confusi,
523 1172 692 1246 seniores
720 1195 823 1285 suoS,
849 1172 971 1245 Assen
999 1196 1086 1244 cum
1105 1171 1253 1269 ceteris,
1281 1173 1328 1244 ad
1355 1171 1431 1271 epi·
1531 1221 1533 1246 .

334 1296 494 1371 scopum
512 1273 675 1368 mittunt,
702 1272 853 1346 veniam
875 1281 1018 1369 petunt,
1047 1283 1088 1345 ut
1111 1297 1184 1344 non
1213 1271 1431 1346 occidantur

334 1373 560 1472 supplicant.
596 1369 807 1471 Episcopus
825 1396 927 1468 vero,
955 1382 997 1444 ut
1021 1373 1066 1444 ad
1085 1370 1173 1447 fidei
1190 1383 1429 1448 sacramenta
1523 1427 1533 1470 ,

333 1483 570 1547 revertantur
594 1473 815 1571 persuadet,
849 1472 1029 1546 vexillum
1052 1496 1163 1546 suum
1191 1472 1231 1544 in
1263 1484 1429 1557 castrum
1529 1472 1533 1548 l

331 1573 459 1668 mittit,
473 1574 572 1672 quod
586 1576 632 1647 ab
647 1573 730 1646 aliis
745 1575 926 1668 elevatur,
940 1574 986 1645 ab
1002 1573 1084 1646 aliis
1097 1573 1292 1670 proicitur.
1323 1573 1428 1650 Unde
1529 1573 1533 1658 ζ

331 1674 428 1748 Asse
447 1675 491 1746 ad
510 1683 699 1748 tormenta
704 1673 868 1786 ligatur,
895 1672 1037 1747 bellum
1064 1675 1275 1770 innovatur,
1302 1673 1347 1746 fit
1364 1697 1429 1746 no·

330 1775 485 1848 vissima
505 1799 631 1875 pugna
650 1774 757 1872 peior
776 1772 909 1873 priore.
945 1773 1049 1847 Unde
1068 1774 1222 1847 tandem
1234 1774 1427 1849 tradentes

331 1900 385 1971 se,
412 1875 590 1950 vexillum
615 1878 726 1950 beate
744 1874 862 1948 Marie
887 1897 1039 1947 sursum
1057 1874 1219 1988 erigunt,
1246 1875 1426 1973 episcopo
1531 1875 1533 1942 i

331 1976 429 2049 colla
463 2000 531 2050 sua
566 1974 777 2070 subiciunt,
823 1984 865 2046 ut
898 1982 1076 2073 parcatur
1115 1975 1171 2048 eis
1203 1975 1427 2088 suppliciter
1530 2017 1533 2072 ,y

228 2157 231 2162 ,
331 2086 500 2168 exorant,
519 2087 561 2149 ut
577 2075 690 2149 fidem
706 2029 845 2148 Christi
863 2073 1127 2172 neglectam
1095 2074 1210 2148 cicius
1228 2075 1427 2174 recipiant,
1531 2105 1533 2132 ι

331 2187 372 2249 ut
389 2175 678 2251 sacramentalia
697 2185 833 2248 cuncta
850 2175 1026 2272 deinceps
1041 2174 1200 2249 firmiter
1213 2177 1426 2273 observent,

330 2286 372 2350 ut
385 2276 480 2350 ritus
494 2273 732 2377 paganorum
746 2300 951 2372 numquam
963 2275 1124 2372 amplius
1140 2277 1186 2349 ad
1201 2276 1428 2350 memoriam
1531 2295 1533 2308 ·

209 2459 212 2466 ,
329 2389 518 2452 revocent.
555 2377 732 2451 Misertus
752 2386 879 2451 autern
907 2400 1039 2450 eorum
1066 2377 1266 2475 episcopus
1286 2377 1427 2450 exerci-

328 2489 409 2551 tum
426 2478 602 2576 probibet
619 2503 667 2552 ne
686 2488 767 2551 cast
768 2501 851 2550 rum
866 2476 1087 2573 subintrent,
1106 2503 1153 2550 ne
1168 2477 1426 2576 supplicantes

330 2579 569 2673 interficiant,
596 2604 643 2652 ne
670 2579 878 2651 multorum
902 2577 1046 2650 animas
1071 2579 1244 2677 gehenne
1262 2579 1424 2651 trsadant
1531 2585 1533 2616 ³

329 2679 376 2751 Et
402 2680 581 2768 obediens
606 2678 769 2752 fideliter
800 2677 985 2752 exercitus
1013 2688 1051 2752 et
1076 2679 1333 2752 reverenciam
1363 2704 1426 2754 ex·

328 2779 460 2854 bibens
480 2779 657 2879 episcopo
678 2778 841 2852 cessavit
858 2803 879 2851 a
898 2777 1006 2852 bellis
1029 2787 1066 2852 et
1082 2779 1252 2876 pepercit
1269 2777 1426 2854 infideli-

328 2881 410 2977 bus,
447 2890 488 2952 ut
511 2879 643 2954 fideles
676 2877 926 2953 efficerentur.
980 2878 1027 2950 Et
1012 2888 1226 2953 treversus
1260 2891 1317 2953 est
1348 2879 1425 2978 epi·

327 3003 467 3078 scopus
495 3003 581 3053 cum
599 2978 679 3051 suis
706 2979 743 3050 in
768 2978 959 3052 civitatem
985 3002 1106 3074 suam,
1134 2980 1274 3055 ducens
1293 3003 1424 3053 secum

265 3148 270 3156 ,
327 3079 523 3176 Lyvonum
548 3079 756 3154 eorundem
774 3079 955 3176 seniores,
983 3081 1119 3153 ceteris
1144 3079 1356 3178 iniungens,
1383 3091 1426 3153 ut

327 3182 605 3276 subsequantur
635 3180 680 3251 ad
718 3178 895 3277 baptismi
934 3191 1170 3255 sacramenta
1207 3181 1425 3254 renovanda

327 3279 507 3378 pacisque
532 3279 691 3377 pristine
718 3279 1031 3377 tranquillitatem
1050 3281 1341 3356 reformandam
1377 3281 1426 3352 Et

326 3391 511 3454 venerunt
533 3380 660 3455 nuncii
684 3379 880 3476 Lyvonum
907 3392 1109 3478 sequentes
1137 3379 1361 3496 episcopum
1385 3381 1425 3452 in

327 3481 482 3596 Rigam,
499 3481 663 3555 veniam
689 3491 862 3580 petentes
891 3505 1018 3555 coram
1044 3481 1146 3555 omni
1172 3480 1424 3556 multitudine.

328 3581 375 3654 Et
400 3581 453 3656 ait
477 3581 697 3680 episcopus:
738 3581 781 3654 Si
805 3584 1115 3678 renuntiaveritis,
1143 3581 1272 3678 inquit,
1306 3582 1425 3669 falso·

326 3705 410 3756 rum
427 3682 579 3756 deorum
598 3679 764 3777 cultibus,
784 3689 821 3754 et
836 3705 879 3754 en
896 3689 951 3756 ιοι
935 3681 1096 3756 tcordco
1109 3687 1229 3755 vestm
1248 3680 1301 3753 od
1314 3686 1425 3766 unius

328 3782 395 3856 Dei
408 3784 591 3856 culturam
605 3807 738 3856 reuersi
732 3783 878 3869 fuerit
865 3807 908 3876 cs,
924 3786 1153 3870 ειιαιιιιιιοι
1140 3807 1259 3856 ronam
1272 3781 1425 3877 diqnam

323 3907 396 3978 pro
415 3881 554 3958 delictis
571 3885 726 3956 vestrior
726 3906 788 3954 am
801 3881 1007 3956 enormibus
1021 3885 1097 3956 Deo
1116 3891 1153 3956 ct
1137 3883 1302 3956 tnobis'
1289 3907 1426 3978 cropen-

326 3981 477 4078 dcritis5
503 3990 589 4056 tunc
613 3981 762 4056 tandem
783 4005 912 4077 pacem
939 4007 963 4054 a
989 3983 1091 4056 vobis
1108 3987 1350 4078 interruptum
1369 4009 1425 4058 rc·

328 4083 579 4157 stauraotmus
606 4089 639 4156 ct
663 4105 729 4159 vos
755 4084 792 4155 in
817 4085 980 4169 fraterne
1007 4087 1177 4158 caritatis
1195 4084 1426 4157 dilectionem

327 4186 550 4278 recipiemus.
602 4184 651 4256 At
678 4181 751 4254 illi:
792 4181 899 4278 Ouid,
926 4183 1107 4282 inquiunt,
1136 4209 1160 4257 a
1185 4183 1291 4258 nobis
1312 4192 1425 4278 pater
