3016 5016
117 611 333 686 Multoties
319 635 357 683 m
369 609 471 698 salso
476 615 666 705 ponantur
675 610 768 684 loco
799 613 941 707 Tactus,
955 635 1061 710 quem
1068 608 1221 708 praebet

37 781 53 806 .,
114 710 247 806 coclea,
267 713 434 786 omnium
446 710 780 807 interpolationem,
803 712 934 810 qreibus
950 712 1078 787 barret
1092 712 1217 811 editio,

115 812 293 904 libert
237 818 301 908 est,
327 811 437 886 semel
460 809 505 883 rie
526 833 594 885 sao
622 811 800 887 adiecisse
823 811 965 886 videtur
981 814 1106 888 scriba
1123 812 1218 887 iudi·

31 881 35 968 1
114 916 229 1009 dum,
255 867 338 985 crim
364 910 410 985 rte
433 919 616 985 terraram
631 915 832 1006 partitione
858 912 938 1010 (XI,
958 913 1000 1010 3)
1021 901 1221 1008 protulerit

49 1075 52 1082 .
115 969 249 1088 corbeis
266 1013 348 1087 Non
362 1014 470 1086 bene.
501 1011 555 1085 De
572 1010 684 1084 modo
701 1012 885 1087 scribendi
897 1035 1024 1106 pauca
1042 1013 1217 1088 dicenda:

29 1171 31 1174 -
114 1111 411 1187 abbreviationes
435 1113 582 1187 nonnisi
607 1135 702 1210 quae
718 1111 866 1186 saecuto
885 1113 980 1187 XIII.
1000 1121 1037 1187 et
1052 1115 1176 1188 XIV.
1162 1123 1216 1189 m·

28 1217 30 1294 1
118 1220 225 1288 eunte
242 1215 377 1286 erant
363 1236 400 1286 ra
419 1235 500 1308 usa,
528 1212 748 1310 quantoque
767 1213 912 1288 litterae
916 1213 1150 1328 duplicatae,
1177 1221 1278 1288 ut
1354 1227 1355 1230 ’

26 1312 31 1462 ¹
116 1314 305 1430 clippeos,
324 1312 551 1412 clippeis,
514 1337 771 1412 vipperarum,
785 1313 980 1409 transsire,
994 1320 1057 1388 tet
1071 1340 1091 1388 c
1105 1315 1213 1389 ante
1203 1340 1214 1387 1

111 1417 324 1530 promiscue
347 1420 559 1510 ponantur,
573 1421 775 1487 occurrunt
791 1413 1012 1510 excercitus,
1041 1439 1215 1514 canpum,

25 1513 28 1524 ’
117 1514 321 1614 inperium,
340 1512 564 1612 inpetus-
589 1513 696 1603 Quae
708 1538 790 1586 eum
803 1537 953 1588 omaro
941 1517 1090 1611 itasiat,
1108 1513 1216 1590 valde

24 1683 26 1686 .
116 1613 329 1709 dolendam,
343 1613 444 1711 quod
457 1613 1216 1704 codecbicZamoscianasinfiaemancas
1318 1653 1321 1660 .

117 1721 251 1887 erstadt.
302 1713 461 1788 Coactus
486 1737 573 1811 erpo
600 1716 682 1812 tupi
705 1713 758 1787 act
775 1714 882 1811 alios,
909 1713 1102 1812 dequibus
1119 1738 1216 1790 nanc

114 1839 146 1888 a
169 1839 210 1888 en
239 1838 313 1888 um.

21 1991 22 1994 ,
143 1840 221 1990 ⁹2.
272 1913 426 1989 Codes
457 1883 778 1988 bibliothecae
810 1862 1035 2033 Ripeasir
1069 1916 1214 2011 2394,

116 2014 208 2089 olim
226 2015 384 2109 parochi
407 2011 654 2110 Stodaisbiss,
682 2014 936 2088 chartaceus
922 2039 960 2089 m
977 2015 1082 2110 folio,
1109 2018 1213 2090 initio

116 2114 259 2189 saecuti
274 2115 383 2188 XVII.
403 2117 590 2210 exaratas,
609 2069 681 2190 262
697 2117 933 2210 popinarum.
960 2117 1093 2211 Incrprt
1103 2114 1215 2190 Liber
1345 2199 1348 2204 .

117 2216 265 2314 primus
292 2217 344 2294 te.
366 2214 543 2311 Livonia,
579 2217 626 2289 de
677 2215 773 2289 rimo
801 2214 982 2315 episcopo
1007 2215 1214 2290 Meinardo.
1263 2294 1265 2299 .

117 2315 257 2390 Divina
270 2315 580 2414 providentiaetc.
598 2241 723 2388 Ialioc
735 2318 914 2411 inteprum
928 2316 1060 2412 lepitar
1072 2315 1216 2390 ebroni-

119 2440 204 2513 cou,
230 2440 275 2490 ec
297 2414 496 2512 exemplari
518 2419 678 2510 optimae
698 2421 808 2488 notae
824 2414 1055 2509 descriptum.
1107 2414 1215 2506 (laod

16 2531 22 2592 ε’
116 2515 260 2592 saecuti
283 2515 378 2590 XIII.
404 2514 461 2589 rel
484 2515 537 2589 XI
541 2514 574 2588 V.
599 2518 757 2590 ineuntis
781 2517 897 2602 faisse
926 2516 1119 2590 verisimile
1148 2522 1213 2613 est,
1345 2589 1347 2592 .

118 2640 209 2690 nam
234 2640 315 2690 cum
342 2640 422 2711 cap.
442 2615 536 2712 XIX,
554 2619 577 2690 8
596 2618 698 2689 initio
724 2614 889 2712 lepamas
906 2615 1121 2691 Otalienses
1142 2640 1224 2712 pro.
1336 2705 1338 2710 ,

120 2717 371 2811 Rota'lienses,
397 2720 434 2790 in
458 2715 846 2811 exemplarioripireali
862 2715 1032 2790 hocloco
1049 2715 1216 2790 rubrica·

119 2820 195 2892 tori
223 2820 385 2912 spatium
414 2840 571 2892 vacuum
602 2840 678 2892 esse
707 2817 873 2918 relictam
904 2816 1037 2910 elucet5
1070 2815 1164 2912 XIX,
1180 2820 1215 2894 5

120 2941 248 2991 versia
260 2922 383 3013 'preren
400 2917 463 2991 ubi
479 2918 649 3014 tepenter
665 2915 795 2992 cerba:
814 2916 886 3005 Qui
903 2941 995 2991 vero
1014 2915 1052 2988 in
1072 2916 1215 3032 cymbis
1343 2985 1345 2990 .

16 3033 17 3036 ’
120 3017 309 3092 anchoras
337 3018 572 3093 deduxerunt
595 3016 737 3092 'milites
765 3027 803 3091 et
829 3017 941 3114 servi,
968 3031 1090 3090 aecem
1115 3016 1215 3092 servi

16 3211 17 3214 ,
119 3117 176 3192 sic
191 3119 341 3213 scripsit
325 3115 427 3194 tim·
418 3118 750 3221 ,aliquotiestpro
764 3142 784 3190 c
798 3120 963 3212 ponitt
890 3117 1163 3191 Pttloteke
1142 3140 1222 3231 pro

16 3263 18 3306 4
122 3218 303 3333 Ploceke3
330 3219 422 3316 XIV,
441 3223 607 3334 Caeretes
624 3221 731 3308 finem
743 3241 836 3336 pro:
860 3216 1117 3292 immolaticiis
1136 3213 1216 3292 suis

121 3317 284 3392 babet:
273 3344 312 3391 m
330 3319 461 3408 molat'
451 3318 521 3394 rcis
540 3317 632 3415 suis,
651 3321 852 3412 campeius
869 3316 988 3392 locam
1007 3317 1102 3391 lectu
1119 3316 1218 3408 clisp-

120 3418 228 3494 cilem
242 3417 827 3516 deprehendissetebcquespatium
835 3440 992 3492 vacuam
1001 3417 1216 3514 reliquisset

120 3519 225 3618 quod
243 3527 373 3614 postea
401 3518 570 3608 ductibus
591 3528 771 3616 perquam
795 3516 1009 3614 praeitibus,
1039 3515 1175 3591 laudat
1159 3525 1218 3592 tas

122 3641 416 3716 aaaransaoces,
411 3603 615 3715 supplevit.
639 3617 892 3735 mundoque·
879 3620 1218 3713 ramarpiaenotae

75 3724 79 3730 ’
123 3719 253 3794 cartem
266 3744 379 3794 mana
393 3726 570 3795 exaratae
582 3720 822 3813 inveniantur,
842 3714 1043 3792 sinedabio
1058 3715 1218 3790 ascribo

123 3819 236 3893 addit
220 3827 292 3916 tae,
317 3823 476 3920 qaorum
492 3817 691 3894 nonnullas
708 3825 850 3892 tantam
867 3817 926 3891 bic
937 3820 1108 3911 proferre
1120 3817 1218 3891 libet.

121 3919 183 4012 Ad
207 3920 237 4016 I,
264 3877 305 3995 2':
337 3921 438 3996 A..C
470 3922 565 3996 1153
593 3920 735 4017 imper:
762 3919 873 3992 Rom:
900 3918 1013 3992 Frid:
1014 3917 1103 4014 ,act
1127 3918 1219 4016 Ι,6.·

123 4007 168 4096 A
199 3976 237 4100 C⁷.
264 4020 479 4119 lkescolum
504 4031 669 4094 castrum
695 4019 903 4118 inchoatur,
931 4025 966 4092 et
982 4019 1099 4114 paulo
1114 3975 1220 4114 pbst:

126 4148 273 4220 lIJquia
276 4148 384 4205 ..1769
403 4159 526 4206 mraotus
545 4158 605 4204 est

32 405 56 860 f
285 395 1064 490 unrumc1cuaomcoumvomuu.
1172 385 1220 489 ru
1325 444 1327 448 .
