3016 5016
308 488 357 560 46
452 481 666 557 llElNRlCl
685 479 974 558 tfflrortlcoN
1000 481 1258 562 LYVONIAE..
1294 581 1299 590 ¹

309 709 488 784 magnam
503 706 634 757 secum
649 679 847 758 deducunt.
885 682 927 756 ln
942 682 1024 782 ipsa
1040 694 1167 758 autem
1181 692 1293 760 nocte
1311 687 1417 760 nati—

307 784 436 860 vitatis
450 783 600 858 Domini
614 784 805 859 mittentes
819 782 992 879 Lyvones
1006 785 1171 880 nuntios,
1190 785 1419 885 significant*

309 886 488 987 episcopo
521 883 728 959 exercitum
761 883 974 959 Lethonum
1009 884 1218 982 layvoniam
1251 886 1415 984 intrare„

308 999 347 1062 et
377 996 463 1085 post
497 984 560 1058 alii
590 983 716 1058 nuncii
748 983 843 1058 alios
874 978 1155 1083 subsequuntur
1183 987 1414 1083 relerentes,

307 1087 479 1162 homines
507 1083 652 1159 occisos
672 1095 709 1160 et
727 1085 949 1184 captivatos,
977 1086 1159 1163 ecclesias
1177 1097 1347 1162 vastatas
1366 1099 1409 1164 et.
1489 1149 1495 1161 .

309 1187 438 1262 omnia
456 1187 569 1284 mala,
593 1210 665 1283 que
684 1185 821 1285 pagani
841 1186 990 1260 novelle
1007 1187 1214 1266 intulerunt
1231 1189 1414 1264 ecclesie..

309 1289 389 1364 Hiis
408 1287 544 1362 auditis
570 1285 784 1386 episcopus,
810 1285 1027 1362 convocatis
1044 1289 1255 1388 peregrinis
1275 1300 1313 1364 et
1331 1291 1415 1364 fra··
1507 1350 1508 1353 ,

307 1391 428 1463 tribus
446 1387 587 1485 milicie
605 1395 643 1460 et
660 1387 932 1461 mercatoribus
951 1398 990 1463 et
1008 1389 1181 1464 omnibus
1208 1389 1300 1485 suis,
1327 1415 1416 1465 am·-

118 1507 125 1520 '
206 1582 210 1588 ⁵
309 1500 439 1564 monet
458 1511 590 1562 omnes
608 1486 645 1559 in
663 1486 929 1602 remissionem
946 1499 1201 1602 peccatorum,
1227 1488 1415 1589 quatinus·

311 1616 353 1666 se
379 1613 529 1663 murum
560 1610 629 1686 pro
664 1588 775 1661 domo
801 1587 955 1661 Dommr
985 1600 1170 1686 ponentes
1201 1591 1407 1666 ecclesiam

308 1691 468 1766 liberent
487 1690 532 1762 ab
551 1687 723 1761 inimicis.
761 1690 807 1762 At
825 1687 879 1760 illi
899 1713 1032 1764 omnes
1047 1693 1351 1789 obtemperantes
1367 1702 1416 1768 et.

310 1793 356 1867 ad
379 1813 544 1891 pugnam
571 1811 614 1862 se
637 1799 896 1889 preparante5‚
924 1791 1075 1863 mittunt
1102 1792 1147 1864 ad
1173 1815 1306 1866 omnes
1322 1791 1416 1888 'Lyr
1506 1817 1507 1820 ¹

308 1916 427 1967 vones
457 1900 495 1966 et
520 1889 704 1964 Lethtlros
737 1888 1012 1964 comminantes
1038 1901 1076 1966 et
1102 1891 1287 1966 dicentes:
1321 1891 1407 1982 (lui-

310 2015 449 2089 cunpue
465 2014 540 2065 nou
558 1991 694 2085 tatuit,
720 1997 960 2087 sequuturque
978 1993 1168 2065 exereitum
1187 1990 1417 2068 christiano·
1449 2079 1454 2084 .

310 2115 393 2166 rtem
419 2116 493 2166 nou
518 2092 651 2185 fuerit,
685 2093 792 2163 trium
819 2114 1032 2164 marcorum
1055 2115 1151 2186 penu
1176 2091 1414 2166 multabitur..

308 2192 450 2266 invasit
477 2191 602 2287 itaque
629 2191 744 2264 timor
766 2215 910 2290 omnes,
939 2202 977 2265 et
999 2191 1148 2291 sequuti
1164 2204 1349 2269 venerunt
1366 2193 1415 2266 in.

310 2293 459 2368 obviam
478 2291 703 2390 Rigensibus
726 2301 816 2389 aput
842 2290 1002 2387 [lunam⁷
1029 2303 1067 2367 et
1090 2295 1337 2368 ascendentes
1366 2293 1413 2367 in.

309 2395 537 2469 Leneworde
556 2403 812 2466 convenerunt
836 2403 1099 2491 exspectantes
1116 2393 1329 2468 Lethonum
1348 2419 1413 2469 re-

214 2543 216 2548 ·
311 2495 429 2568 ditum
459 2517 544 2567 cum
562 2492 717 2569 silencio
745 2492 842 2566 infra
867 2495 1009 2567 urbem.
1060 2493 1257 2569 Mittuntur
1282 2495 1413 2569 eciam
1502 2525 1507 2578 .;

310 2596 569 2696 exploratores
580 2592 809 2694 perscrutari
822 2592 924 2666 viam
940 2617 1083 2668 eorum.
1117 2594 1260 2682 Quibus
1275 2619 1415 2669 ocour··
1504 2597 1507 2682 ἑ

308 2707 436 2772 rentes
462 2719 548 2768 oum
575 2694 748 2767 omnibus
776 2692 932 2792 captivis
958 2704 996 2768 et
1022 2694 1153 2794 rapina
1178 2706 1269 2794 aput
1286 2695 1416 2774 bene*
1505 2695 1507 2718 ⁵

308 2797 444 2893 warde,
484 2805 594 2869 noete
618 2794 768 2868 Dunam
794 2792 832 2866 in
858 2793 980 2890 glaeie
1005 2791 1212 2892 transeunt.
1266 2797 1416 2871 Ascen--
1506 2815 1507 2818 ’

308 2899 401 2972 (lens
415 2905 543 2969 autem
554 2896 626 2967 dux
641 2893 829 2969 exereitus
843 2918 929 2969 cum
944 2894 1142 2970 comitibus
1156 2896 1235 2970 suis
1245 2897 1415 2971 vicinius

309 2999 355 3072 ad
383 3006 550 3071 castrum
581 3005 618 3069 et
649 2993 798 3070 seniore
826 2995 939 3069 castri
967 3006 1123 3094 vocato,
1155 2997 1311 3095 requirit
1340 2998 1404 3072 ubi
1449 3027 1453 3035 ·

309 3095 482 3172 collectio
510 3095 813 3192 christianorum,
841 3105 879 3170 et
897 3095 967 3170 ait:
1008 3095 1117 3193 Vade,
1143 3101 1279 3171 nuncio
1309 3098 1415 3171 elui·-

308 3199 459 3293 stium'r,
496 3199 559 3294 qui
589 3204 674 3270 unte
703 3195 798 3268 duos
828 3219 947 3270 annos
981 3199 1177 3271 ereremum
1205 3222 1324 3272 meum
1354 3199 1414 3272 ab

306 3299 464 3372 Estoniu'
492 3295 699 3372 redeuntem
728 3299 836 3393 quari
866 3295 1103 3378 dormientem
1133 3300 1414 3395 interfecerunt.

306 3422 486 3473 eunome
516 3405 550 3472 et
579 3421 702 3471 omnes
731 3420 831 3471 meos
860 3397 1052 3493 uipiluutes
1083 3400 1270 3473 invenient.
1320 3398 1414 3473 Hiis.
1503 3397 1505 3418 ³

307 3498 464 3596 auditis,
501 3498 694 3572 christiani
721 3497 766 3571 ad
793 3497 912 3597 prelia
939 3497 1090 3573 Domini
1116 3500 1338 3574 festinantes
1364 3501 1403 3574 in

305 3601 429 3703 primo
448 3624 564 3674 mane·
578 3599 708 3673 hostes
727 3598 986 3698 insequuntur,
1005 3608 1043 3673 et
1062 3599 1161 3675 circa
1174 3601 1309 3678 horam
1327 3611 1416 3675 ter*

306 3703 403 3777 ciam
420 3712 660 3777 transeuntes
686 3698 833 3772 Dunam
861 3710 952 3798 aput
977 3700 1142 3775 Ascrade
1170 3713 1236 3786 eos
1262 3699 1413 3776 ibidem.

303 3801 508 3878 inveniunt.
567 3802 672 3889 Quos
705 3810 747 3872 ut
777 3799 951 3874 viderunt
986 3801 1124 3899 pagani
1158 3825 1245 3878 sese
1275 3825 1415 3900 perse*
1503 3811 1504 3814 ’

304 3913 475 4003 quentes,
502 3905 615 3977 rebus
642 3899 755 3976 certis
779 3900 912 3998 territi,
926 3900 1044 4002 *simul
1063 3925 1195 3976 omnes
1215 3903 1417 3978 exclama·-
1503 3927 1504 3998 j

303 4013 439 4078 verunt
472 4004 639 4077 clamore
671 4025 831 4100 magno,
872 4011 911 4075 et
946 4013 1200 4078 convocantes
1236 4027 1327 4078 suos
1361 4003 1384 4076 ir
1502 4001 1504 4010 ’

303 4127 504 4178 occursum
530 4112 768 4177 revertuntur
795 4100 1097 4177 christianorum.
1135 4104 1306 4192 Quorum
1323 4105 1384 4178 c'la

302 4228 449 4280 morem
479 4215 516 4280 et
542 4202 821 4276 multitudinem
848 4227 922 4276 non
945 4215 1121 4280 verentes
1148 4204 1342 4280 christiani
1363 4230 1392 4280 et
