3104 5012
287 466 498 546 HlllNRlCl
527 465 802 540 CHRONlCON
831 465 1079 542 LYVONIAE.
1158 474 1225 544 111
1304 455 1308 459 ’

132 665 230 762 quod
249 690 325 736 non
343 666 515 741 venirent
533 692 602 741 nec
619 667 726 764 pacis
744 667 1025 741 innovationem
1040 680 1228 765 curarent,

133 765 223 862 quin
241 765 375 862 pocius
390 789 541 866 semper
555 767 849 841 destructionem
863 767 1097 862 Lyvonensis
1111 770 1230 843 eccle·

133 865 190 939 sie
204 864 471 949 desiderarent.
504 867 551 940 Et
564 867 668 940 misit
677 867 878 966 episcopus
887 868 1090 964 peromnia
1105 878 1231 943 castra

132 966 331 1039 Lettorum
346 977 457 1063 atque
470 967 677 1063 Lyvonum,
697 968 799 1041 etde
818 967 920 1040 omni
940 969 1102 1041 confinio
1121 969 1229 1043 Dunc

133 1077 174 1140 et
192 1066 328 1164 Come,
356 1077 395 1140 et
412 1067 658 1165 congregavit
676 1067 881 1142 exercitum
901 1093 1081 1166 magnum
1101 1070 1230 1142 01101-

132 1177 223 1239 tem.
256 1167 303 1238 Et
322 1177 429 1240 crant
445 1167 484 1240 in
499 1167 593 1265 Riga
608 1167 797 1266 peregrini
812 1178 851 1241 et
863 1179 1095 1244 mercatores
1108 1169 1231 1266 11111111,

134 1269 198 1362 qui
218 1290 351 1348 omnes
371 1267 566 1341 exiverunt
584 1293 671 1340 cum
689 1267 813 1341 leticia
828 1293 915 1340 cum
934 1269 1116 1366 magistro
1136 1269 1231 1342 mili-

135 1367 193 1440 cie
212 1376 249 1439 ct
267 1367 444 1440 fratribus
459 1367 548 1464 suis,
567 1378 749 1466 ponentes
765 1368 1027 1442 collectionem
1043 1371 1230 1443 exercitus

134 1468 173 1538 in
192 1465 468 1540 Coiwemunde.
503 1468 550 1539 Et
566 1468 669 1542 venit
687 1467 887 1566 episcopus
902 1492 988 1541 cum
1006 1469 1061 1542 eis
1080 1469 1231 1566 ibidem,

136 1577 174 1639 et
191 1567 369 1639 volebant
395 1567 545 1664 quidam
573 1569 618 1642 de
636 1567 850 1664 Lyvonibus
877 1567 1084 1654 exercitum
1103 1569 1142 1642 in
1161 1569 1233 1642 Cu-

134 1667 283 1739 roniam
311 1679 542 1741 convertere.
595 1667 670 1740 Sed
697 1669 820 1741 adhuc
846 1693 918 1741 non
941 1669 1044 1742 venit
1067 1680 1231 1766 tempus,

135 1791 210 1862 quo
225 1767 327 1841 Deus
345 1767 447 1840 illius
466 1768 589 1863 gentis
603 1769 718 1842 vellet
730 1768 913 1842 misereri.
948 1769 995 1840 Et
1008 1769 1233 1843 factabene·

135 1867 299 1940 dictione
319 1868 519 1965 episcopus
548 1892 721 1942 reversus
749 1867 870 1940 estin
897 1868 1044 1966 Rigam.
1082 1868 1231 1942 Exerci-

134 1977 197 2046 tus
224 1992 313 2041 vero
340 1969 527 2066 processit
554 1969 600 2040 ad
631 1967 875 2063 Saletsamffl,
912 1978 949 2040 et
980 1978 1163 2042 venerunt
1193 1969 1232 2041 in

134 2067 381 2165 provinciam,
401 2093 473 2165 que
486 2069 676 2166 Sotagana
691 2079 858 2162 vocatur,
877 2078 915 2141 et
932 2092 1121 2142 memores
1140 2068 1231 2141 facti

135 2179 224 2240 sunt
248 2168 497 2242 Theuthonici
514 2171 716 2244 verborum
741 2192 897 2240 suorum
917 2179 955 2242 et
972 2169 1090 2266 pacis,
1117 2193 1231 2265 quam

136 2279 248 2342 antea
279 2269 459 2342 dederant
487 2268 780 2366 provincialibus
811 2268 972 2362 eisdem,
1006 2279 1043 2342 et
1074 2269 1232 2367 pacifice

135 2379 376 2442 transeuntes
404 2370 563 2442 candem
581 2368 826 2466 provinciam,
852 2367 968 2442 nichil
993 2368 1081 2440 mali
1106 2369 1160 2442 eis
1180 2369 1233 2442 in·

133 2469 312 2566 tulerunt,
331 2493 400 2542 nec
415 2469 588 2542 homines
607 2470 653 2541 de
668 2467 839 2540 domibus
854 2467 932 2539 suis
950 2469 1140 2565 fugantes,
1159 2493 1229 2542 nec

131 2569 323 2667 fugientes
341 2579 624 2667 persequentem
643 2570 708 2643 sed
722 2592 807 2641 cum
824 2568 925 2639 omni
939 2569 1227 2642 mansuetudine

134 2680 281 2764 01111105,
304 2670 428 2742 donec
455 2670 501 2741 ad
530 2668 624 2742 alias
650 2667 864 2766 provincias
890 2667 1141 2766 pervenirent,
1169 2668 1232 2765 qui

134 2793 341 2866 numquam
359 2794 493 2866 pacem
511 2794 597 2841 cum
615 2767 841 2868 Rigensibus
860 2769 986 2846 facere
1006 2779 1233 2842 curaverunt

133 2879 324 2968 putantes,
343 2869 526 2967 Rigenscs
543 2869 587 2942 ad
604 2893 692 2941 suas
707 2879 833 2966 partes
852 2880 930 2942 tam
957 2879 1125 2942 remotas
1144 2893 1232 2942 cum

135 2968 304 3044 exercitu
328 2994 404 3042 non
430 2994 544 3069 posse
570 2969 778 3067 pervenire.
822 2969 869 3040 Et
888 2979 996 3042 erant
1022 2994 1068 3043 ex
1093 2969 1233 3042 nostris

4 3091 6 3100 ’
44 3112 49 3116 1-
135 3069 286 3144 circiter
312 3069 385 3143 tria
408 3069 512 3143 milia
538 3069 897 3166 Theuthonicorum,
925 3079 963 3142 et
979 3069 1175 3164 Lyvonum
1195 3080 1234 3144 et

133 3171 332 3244 Lettorum
357 3169 430 3244 alia
458 3169 627 3243 totidem.
680 3170 727 3242 Et
753 3169 856 3242 ibant
881 3169 919 3242 in
951 3169 1072 3266 glacie
1103 3170 1231 3266 maris,

135 3281 397 3369 pretereuntes
416 3268 618 3366 Saletsam⁷
642 3271 762 3344 donec
779 3268 962 3365 venirent,
989 3292 1063 3365 quo
1090 3269 1234 3346 deside·
1258 3326 1260 3329 .

4 3445 5 3458 ,
74 3459 78 3466 .
134 3375 281 3465 rabant,
301 3369 445 3444 scilicet
461 3370 500 3443 in
518 3369 716 3442 Rotaliam.
753 3369 822 3442 Ubi
841 3368 1124 3464 convenirent,
1142 3369 1232 3442 divi-

136 3483 269 3545 serunt
286 3470 492 3544 exercitum
511 3494 622 3543 suum
648 3494 717 3568 per
735 3493 868 3541 omnes
886 3468 966 3541 vias
992 3478 1030 3541 et
1046 3467 1168 3562 villas,
1196 3479 1235 3542 et

135 3572 361 3646 invenerunt
387 3594 520 3644 omnes
545 3569 647 3643 viros
674 3579 713 3643 et
729 3568 908 3641 mulieres
935 3578 973 3642 et
998 3567 1177 3666 parvulos
1197 3579 1234 3642 et
1307 3643 1310 3648 ,

135 3695 270 3746 omnes
287 3670 461 3744 homines
481 3695 504 3744 a
521 3669 669 3768 magnis
697 3670 743 3740 ad
768 3668 933 3742 minores
960 3667 998 3740 in
1015 3667 1113 3741 villis
1142 3668 1234 3762 suis,

119 3772 251 3846 'nullis
276 3771 491 3844 rumoribus
516 3771 562 3844 dc
589 3771 750 3844 adventu
775 3768 961 3842 exercitus
985 3767 1234 3866 premendos

137 3884 175 3947 01
199 3881 470 3972 percusserunt
494 3895 561 3944 eos
579 3869 617 3942 in
635 3871 692 3944 ira
717 3893 798 3966 sua,
826 3880 864 3942 ct
890 3869 1109 3942 occiderunt
1133 3868 1233 3942 viros

124 3997 280 4062 ‚omnes
318 3971 392 4046 Sed
408 3982 445 4044 et
457 3972 632 4066 Lyvones
645 3982 683 4046 et
695 3970 806 4070 betti,
825 3969 888 4066 qui
903 3979 990 4042 sunt
1003 3969 1235 4043 crudeliores

136 4171 181 4246 57)
202 4171 327 4244 81111511,
349 4173 470 4228 ebstnice
489 4172 613 4227 Sallutse.

970 4275 992 4346 9
1004 4274 1017 4301 ι
