3104 5012
327 471 376 542 78
470 462 683 538 HElNRlCl
710 460 988 538 CHRONlCON
1015 460 1269 536 LYVONIAE.

329 668 514 741 accedens
534 665 580 736 ad
604 673 755 736 nostros
775 662 969 736 nunciavit
987 662 1193 736 exercitum
1212 661 1329 736 alium
1348 685 1427 735 ma·

328 792 444 867 gnum
463 766 510 838 de
528 761 728 837 maritimis
745 762 951 860 provinciis
971 764 1107 836 eadem
1124 774 1236 836 nocte
1254 762 1316 836 via
1338 762 1425 858 alia,

329 893 402 966 que
435 875 493 939 est
523 865 627 936 iuxta
656 887 782 960 mare,
814 861 1022 959 Lyvoniam
1053 863 1288 936 intraturum.
1343 863 1426 951 Quo
1469 887 1472 892 ·

330 967 471 1063 audito,
500 964 670 1040 seniores
688 963 884 1060 Lyvonum
908 963 1132 1037 festinantes
1152 964 1199 1036 ad
1226 987 1363 1037 uxores
1391 975 1427 1038 et

328 1091 467 1168 pueros
494 1089 598 1158 suos,
624 1075 665 1138 ut
690 1086 757 1137 eos
784 1063 975 1138 salvarent
1001 1065 1046 1136 ab
1074 1061 1249 1160 inimicis,
1279 1064 1426 1138 reversi

330 1179 418 1243 sunt
430 1163 691 1264 unusquisque
711 1165 756 1237 ad
772 1163 1002 1239 munitiones
1021 1188 1122 1238 suas.
1159 1163 1205 1236 Et
1223 1164 1427 1237 confestim

329 1270 390 1342 die
411 1265 574 1341 crastino
592 1276 778 1337 venerunt
799 1264 972 1360 llstones⁷
999 1264 1062 1360 qui
1088 1263 1193 1361 prius
1214 1276 1427 1361 evaserant

329 1372 376 1444 de
406 1369 624 1464 Sontagana
655 1375 693 1437 et
723 1364 807 1438 aliis
838 1364 1044 1462 provinciis
1072 1363 1426 1438 circumiacentibus
1510 1421 1529 1444 ..

331 1493 417 1543 curn
443 1465 610 1540 exercitu
638 1489 777 1564 magno
797 1465 835 1537 in
852 1463 1074 1564 Metsepole,
1100 1475 1138 1537 et
1161 1464 1263 1537 omni
1282 1465 1426 1562 populo

330 1571 368 1643 in
397 1565 540 1641 castris·
559 1565 764 1639 exsistente
783 1565 857 1665 ipsi
883 1564 994 1637 villas
1021 1588 1161 1637 vacuas
1182 1575 1219 1637 et
1240 1564 1426 1639 ecclesias

331 1669 579 1743 incenderunt
605 1675 642 1737 et
665 1666 855 1764 nequitias
882 1664 1020 1738 multas
1050 1664 1150 1738 circa
1178 1664 1361 1738 ecclesias
1390 1675 1428 1739 et
1527 1659 1529 1706 ἶ

330 1767 533 1868 sepulchra
566 1775 802 1839 mortuorum
837 1764 1129 1838 christianorum
1168 1764 1428 1838 immolaticiis
1528 1797 1529 1850 t

331 1871 411 1946 suis
440 1876 697 1942 exercuerunt.
734 1865 779 1938 Et
798 1875 1054 1960 convenerunt
1070 1863 1255 1961 Rigenses
1274 1865 1313 1936 in
1331 1865 1428 1939 Tho·

329 1970 437 2044 reida
464 1967 510 2039 ad
533 1967 837 2064 persequendum
865 1990 944 2060 eos,
975 1963 1173 2038 Bertoldus
1201 1989 1351 2063 quoque
1381 1967 1427 2038 de

329 2069 500 2144 Wenden
515 2077 552 2139 et
565 2066 749 2139 Russinus
765 2090 850 2138 cum
866 2065 1039 2139 omnibus
1052 2064 1170 2137 Lettis
1185 2065 1230 2137 ad
1243 2065 1427 2163 Raupam.

332 2171 413 2259 Quo
442 2166 583 2262 audito,
611 2166 728 2239 cicius
757 2165 928 2240 exierunt
954 2166 1000 2238 de
1018 2176 1120 2238 terra
1144 2175 1181 2237 et
1208 2163 1428 2238 conflictum

243 2267 324 2321 Febr.
334 2267 624 2344 christianorum
639 2292 714 2340 non
731 2275 1053 2366 exspectaverunt.
1086 2265 1218 2338 Tereia
1231 2264 1430 2348 lunatione

260 2358 302 2394 ‘⁹¹'
332 2379 630 2469 preparaverunt
665 2391 706 2441 se
743 2365 928 2466 Rigenses
960 2367 1006 2437 ad
1038 2365 1274 2454 obsidionem
1312 2365 1427 2439 castri
1527 2361 1529 2374 '

331 2466 540 2543 Viliende³⁰
569 2467 606 2540 in
625 2467 794 2562 Saccale,
821 2478 859 2540 et
878 2477 1183 2540 convocaverunt
1199 2465 1371 2561 Lyvones
1393 2476 1430 2539 et
1527 2479 1528 2482 ’

331 2571 487 2644 Lethtos
507 2569 553 2641 de
572 2567 746 2641 omnibus
763 2565 901 2640 finibus
921 2577 958 2640 et
976 2565 1121 2661 castris,
1141 2577 1178 2638 et
1195 2591 1334 2664 penam
1352 2591 1429 2638 non

331 2669 571 2744 venientibus
603 2667 876 2741 comminantes
909 2677 947 2740 et
976 2678 1160 2740 terrorem
1188 2665 1429 2763 incutientes,
1526 2675 1528 2740 i

334 2770 569 2868 collegerunt
587 2767 793 2841 exercitum
810 2769 959 2840 fortem.
1009 2766 1055 2838 lit
1073 2766 1151 2838 ibat
1169 2791 1255 2839 cum
1274 2767 1330 2840 eis
1357 2765 1431 2866 ug·
1526 2803 1528 2808 v

334 2871 526 2970 gelbertus
547 2893 664 2967 gener
683 2867 865 2965 episcopi,
893 2867 955 2965 qui
982 2868 1118 2940 eodem
1136 2891 1232 2939 anno
1252 2892 1428 2966 procura·
1526 2869 1528 2952 ζ

333 2975 397 3045 bat
416 2968 659 3042 advocaciam
686 2967 723 3040 in
750 2967 948 3065 Thoreida,
977 2966 1258 3040 cumfratribus
1286 2966 1430 3039 milicie
1527 2961 1528 2998 ³

334 3081 372 3145 et
393 3068 619 3168 peregrinis,
648 3079 685 3142 ct
711 3068 822 3141 ibant.
838 3067 877 3139 in
901 3066 1064 3140 Sackala
1090 3068 1271 3141 ducentes
1297 3091 1427 3140 secum
1527 3129 1528 3134 ,

314 3165 550 3243 'machinam
567 3169 753 3242 minorem
772 3168 853 3242 sive
880 3167 1117 3268 paterellum‚
1146 3178 1183 3240 et
1206 3167 1363 3241 balistas
1391 3177 1430 3239 et
1527 3191 1528 3226 1

336 3281 463 3344 cetera
487 3268 737 3343 instrumenta
763 3268 979 3342 necessaria
1011 3269 1056 3339 ad
1090 3268 1202 3342 castri
1231 3267 1430 3366 impugna·
1527 3267 1528 3308 ³

335 3371 491 3444 tionem.

233 3581 323 3665 (XV.)
409 3572 516 3645 Anno
545 3569 813 3645 incarnationis
833 3569 1020 3643 dominice
1051 3571 1159 3664 1210,
1185 3568 1349 3666 presulis
1368 3567 1428 3640 Al-

243 3665 430 3746 ¹2¹¹·berti
461 3675 521 3767 13,
550 3674 653 3744 facta
671 3682 729 3745 est
747 3671 892 3744 obsidio
911 3670 1034 3767 prima
1060 3670 1172 3743 castri
1198 3668 1370 3742 Viliende
1390 3668 1426 3740 in

258 3856 265 3868 ,ἵ
334 3771 495 3847 Sackala
522 3798 544 3845 a
570 3769 836 3845 Theuthonicis
865 3781 902 3844 et
927 3770 1140 3866 Lyvonibus
1169 3781 1207 3844 et
1224 3769 1363 3864 Lettis5
1391 3778 1430 3841 et
1491 3797 1497 3804 ·

334 3872 521 3946 miserunt
538 3872 785 3946 Theuthonici
803 3871 975 3966 Lyvones
1001 3883 1038 3944 et
1061 3870 1189 3944 Lettos
1210 3872 1256 3942 ad
1276 3893 1431 3942 omnem

334 3971 570 4070 provinciam
609 3972 939 4047 circumiacentem
973 3969 1259 4069 despoliandam
1291 3980 1329 4043 et
1357 3993 1430 4066 pro

333 4173 378 4245 ao)
398 4172 495 4228 rann
