3084 5018
250 494 463 569 HElNRlCl
490 488 767 570 CHRONlCON
793 493 1044 570 LYVONlAE.
1118 501 1188 572 187

90 696 338 772 Plescolrowe
364 696 433 769 sibi
459 708 689 772 vocaverunt
713 698 749 770 in
777 697 968 794 auxilium,
994 698 1190 774 firmantes

91 822 233 898 pacem
252 823 339 872 cum
358 797 425 896 eis,
440 810 482 888 =et
499 799 666 871 locantes
681 799 864 895 quosdam
884 824 929 872 ex
948 799 1057 873 eisin
1076 802 1191 873 Thar-

90 903 197 996 bata,
223 899 406 997 quosdam
425 901 464 971 in
482 899 662 996 Viliende,
693 910 730 973 et
757 900 851 971 alios
878 900 914 973 in
934 900 1016 973 aliis
1045 901 1189 998 castris,

92 1010 231 1074 contra
244 1001 525 1073 Theuthonicos
545 1010 582 1074 et
594 999 749 1072 Latinos
768 1011 806 1074 et
819 1024 950 1074 omnes
964 1001 1189 1076 christianos

12 1153 14 1160 -
90 1111 350 1200 pugnaturos,
385 1100 590 1174 dividentes
614 1125 700 1173 cum
726 1101 780 1174 eis
809 1125 926 1198 equos
953 1112 990 1176 et
1012 1102 1189 1200 pecunias

93 1212 134 1275 et
163 1225 317 1275 omnem
345 1200 593 1274 substantiam
619 1202 778 1274 fratrum
797 1201 941 1299 militie,
968 1227 1038 1277 nec
1061 1228 1133 1276 non
1153 1215 1191 1279 et

92 1313 373 1399 mercatorum,
402 1312 439 1376 et
463 1301 589 1374 omnia
616 1326 687 1399 que
712 1313 934 1400 rapuerunt,
962 1315 999 1377 et
1025 1304 1191 1378 munive-

92 1414 187 1476 runt
203 1413 328 1476 castra
355 1427 423 1476 sua
440 1402 668 1477 firmissime.
713 1402 760 1475 Et
778 1403 1043 1477 edificaverunt
1061 1407 1191 1504 pathe·

93 1503 242 1596 rellos
232 1529 270 1575 rn
289 1503 462 1576 omnibus
478 1503 625 1602 castris,
644 1505 821 1578 docentes
836 1505 905 1578 ad
895 1505 1056 1580 invicem
1070 1517 1191 1581 artem

76 1589 345 1719 balistarium,
363 1603 568 1678 dividentes
583 1604 738 1677 balistas
756 1606 915 1678 fratrum
933 1606 1064 1681 militie
1078 1632 1191 1706 quam

94 1705 282 1805 plurimas
306 1705 431 1779 iuter
430 1729 489 1802 se,
517 1729 609 1803 quas
636 1715 850 1803 rapuerant.
896 1707 942 1778 Et
968 1719 1192 1806 receperunt

95 1830 238 1880 uxores
273 1830 380 1903 suaS,
412 1813 584 1904 tempore
616 1805 900 1886 christianitatis
926 1807 1119 1921 dimissas,
1154 1820 1193 1882 et

12 1903 14 1978 i
97 1930 262 2006 corpora
287 1917 521 1980 mortuorum
548 1930 703 1979 suorum
728 1907 765 1978 in
797 1907 1008 1982 cemeteriis
1031 1909 1191 2022 sepulta,

12 2029 13 2032 ’
98 2010 145 2082 de
165 2008 349 2106 sepulcris
368 2008 591 2104 effoderunt,
611 2018 648 2081 et
665 2031 771 2080 more
784 2031 1019 2106 paganorum
1033 2009 1191 2108 pristino

12 2129 14 2176 1
98 2119 376 2206 cremaverunt,
404 2119 507 2182 etse
533 2118 570 2181 et
596 2108 728 2180 domos
754 2132 843 2182 suas
862 2119 899 2183 et
917 2121 1042 2184 castra
1066 2111 1192 2184 lavan-

98 2221 157 2286 tes
178 2208 285 2307 aquis
300 2219 337 2284 et
354 2209 479 2306 scopis
498 2219 715 2308 purgantes
733 2209 859 2283 taliter
876 2210 1051 2309 baptismi
1070 2235 1194 2285 sacra·

12 2357 14 2408 3
98 2321 232 2386 menta
250 2311 296 2384 de
314 2309 450 2382 finibus
468 2309 546 2382 suis
564 2310 717 2381 omnino
737 2311 863 2385 delere
882 2314 1123 2386 conabantur.

12 2411 14 2444 ²
177 2412 226 2486 Et
258 2411 441 2484 miseruut
466 2410 766 2484 Sachalaneuses
791 2411 948 2485 nuncios
979 2413 1017 2485 in
1047 2412 1252 2511 Rigam,(9.)

12 2513 15 2566 ἶ
100 2513 270 2587 dicentes
297 2511 400 2611 pacis
432 2510 583 2609 quidem
613 2535 654 2585 se
685 2507 993 2586 reformationem
1024 2513 1193 2612 diligere,

13 2635 15 2718 ᾗ
100 2616 167 2689 sed
188 2638 394 2710 numquam
412 2636 454 2687 se
472 2607 657 2710 deinceps
662 2611 775 2687 fidem
794 2613 1048 2712 christianam,
1075 2615 1193 2688 donec

99 2741 197 2814 puer
224 2713 334 2787 unius
361 2713 449 2787 anni
475 2714 535 2786 vel
560 2712 673 2786 cubiti
698 2724 912 2806 remaneret
938 2713 977 2786 iu
1002 2726 1114 2813 terra,
1137 2740 1193 2790 re·

13 2857 17 2928 ,
101 2826 292 2932 capturos
341 2814 388 2886 Et
391 2813 644 2911 requirebant
660 2839 798 2913 pueros
813 2839 903 2888 suos
922 2815 1071 2891 obsrdes
1073 2841 1195 2915 ,pro·
1276 2860 1277 2868 κ

14 2945 16 2956 Ν
100 2917 295 2990 mittentes
314 2940 355 2989 se
369 2917 505 2989 fratres
519 2914 663 3012 militie,
676 2939 769 3012 quos
783 2916 993 2989 habebant
983 2943 1022 2989 m
1035 2872 1193 2991 vihculis

14 3031 16 3082 ’ὑ
102 3017 278 3091 adhuc
243 3041 363 3114 vivos,
387 3039 456 3115 pro
476 3015 634 3114 singulis
661 3016 850 3089 obsidibus
869 3015 1040 3116 singulos
1057 3020 1193 3092 fratres

103 3131 140 3193 et
158 3129 392 3192 mercatores
410 3116 621 3213 restituere,
649 3118 747 3214 quod
766 3118 962 3192 attactum
981 3130 1049 3192 est.

14 3217 15 3242 ³
178 3219 316 3292 Fuerat
341 3219 474 3292 eodem
499 3227 672 3316 tempore
698 3229 887 3292 mercator
911 3220 1137 3293 christianus
1155 3219 1277 3316 in(10.l

15 3315 17 3404 ζ
103 3320 217 3393 domo
233 3319 385 3391 Estouis
400 3319 438 3391 in
452 3318 627 3415 Sachala,
646 3330 782 3392 etcum
799 3343 930 3393 omnes
944 3320 1193 3393 Theuthonici

15 3421 16 3432 ‘
102 3419 417 3516 interficerentur,
437 3419 500 3516 qui
520 3428 628 3492 erant
645 3419 810 3514 interra,
829 3420 937 3491 irruit
954 3422 1075 3494 eciam
1093 3419 1194 3494 idem

15 3515 17 3600 ξ
102 3521 195 3595 Esto
228 3545 342 3619 super
373 3522 532 3595 eundem
562 3520 752 3617 hospitem
784 3543 911 3619 suum,
945 3530 982 3594 et
1006 3520 1195 3595 interiecit

15 3613 18 3702 ἶ
104 3647 203 3699 eum.
254 3622 336 3709 Quo
364 3623 477 3713 facto,
505 3619 652 3719 peperit
676 3645 770 3693 uxor
798 3620 977 3694 occisoris
996 3621 1129 3714 filium,
1157 3632 1195 3696 et

16 3715 18 3740 ²
102 3723 268 3797 habebat
285 3723 384 3797 idem
408 3747 502 3820 puer
518 3722 556 3795 in
582 3745 742 3820 corpore
760 3745 828 3794 suo
846 3722 1004 3796 vulnera
1028 3723 1195 3796 recentia

16 3849 18 3900 ῑ
102 3824 141 3896 in
170 3827 344 3897 omnibus
370 3824 483 3921 locis,
515 3821 709 3919 inquibus
737 3833 845 3921 pater
860 3823 1130 3898 'vulneraverat
1157 3834 1195 3897 et

104 3935 308 4000 necaverat
333 3925 584 4020 innocentem,
613 3934 650 3997 et
675 3923 811 3996 similia
838 3949 906 4022 per
923 3924 1052 3997 omnia·
1067 3924 1195 3998 vulne·

16 4051 20 4126 't
105 4026 208 4099 ribus
235 4025 434 4122 interfecti,
462 4049 533 4123 que
559 4035 686 4098 tamen
710 4037 844 4123 postea
872 4035 1003 4099 sauata
1030 4027 1194 4123 fuerunt,

17 4135 19 4162 ¹
107 4139 144 4200 et
162 4138 346 4226 apparent
372 4125 567 4200 cicatrices
594 4127 757 4200 adhunc
776 4126 885 4200 diem.
939 4127 988 4199 Et
1010 4126 1117 4200 multi
1142 4127 1195 4200 vi·

108 4230 237 4304 dentes
270 4229 567 4326 admirabantur,
599 4227 857 4302 testimonium
888 4229 1127 4332 perhibentes
1159 4238 1197 4302 et
