3084 5018
262 426 370 508 ,214
444 422 656 498 HElNRlCl
685 421 961 496 CHRONlCON
988 420 1241 504 LYVONIAE.
1349 495 1352 504 s

296 622 500 697 Sackalam
519 646 693 697 reversus
713 633 771 696 est
788 622 825 694 in
841 622 984 718 Rigam.
1021 621 1247 696 Sacerdotes
1267 633 1400 696 autem

294 724 385 824 ipsi,
420 724 552 798 Petrus
582 723 756 797 videlicet
790 721 1052 819 Kakinwalde,
1088 748 1173 796 cum
1205 723 1400 796 confratre

297 849 380 920 suo,
409 825 483 898 alio
509 825 720 920 sacerdote,
748 824 920 896 abierunt
944 823 982 894 in
1007 822 1239 921 Sontagana,
1276 835 1313 896 et
1340 849 1400 897 re-

296 935 480 1024 ceperunt
505 949 571 999 eos
600 924 776 996 Maritimi
803 948 889 996 cum
916 923 1072 1021 gaudio,
1106 935 1144 996 et
1171 923 1399 997 audiverunt

296 1028 342 1099 ab
362 1027 416 1100 eis
436 1028 592 1100 verbum
618 1025 700 1122 Dei,
729 1035 765 1099 et
792 1023 971 1121 baptizati
996 1034 1085 1097 sunt
1111 1026 1156 1096 ab
1176 1023 1231 1096 eis
1258 1025 1328 1098 viri
1356 1035 1397 1097 et
1482 1067 1487 1072 ·
1532 1097 1534 1128 ,

296 1127 475 1201 mulieres
494 1137 531 1199 et
549 1126 706 1224 parvuli,
726 1123 787 1222 qui
803 1135 1066 1199 remanserant
1083 1136 1171 1199 ante
1184 1149 1260 1196 non
1277 1125 1396 1222 bapti-

295 1228 382 1324 zati,
408 1239 486 1301 tam
506 1227 544 1298 in
563 1226 783 1324 Sontagana
801 1249 915 1322 quam
933 1225 971 1297 in
989 1225 1230 1324 Maianpathe
1249 1235 1288 1299 et
1305 1225 1396 1298 Pae-

295 1329 407 1402 halle.
445 1328 493 1399 Et
511 1336 598 1424 post
616 1327 688 1400 hoc
701 1325 843 1400 reversi
862 1335 949 1398 sunt
963 1325 1082 1400 eciam
1098 1326 1170 1424 ipsi
1184 1327 1395 1424 gaudentes

295 1429 333 1500 in
357 1427 577 1526 Lyvoniam,
611 1428 656 1501 de
684 1426 770 1500 fidei
798 1426 1073 1524 propagatione
1103 1426 1225 1501 Deum
1252 1428 1394 1500 collau-

295 1529 438 1602 dantes.

232 1639 285 1724 (8.)
370 1628 535 1701 Reverso
566 1626 666 1699 sedis
699 1627 908 1723 apostolice
939 1627 1065 1724 legato
1096 1650 1225 1699 rursus
1258 1627 1296 1700 in
1330 1627 1394 1699 lli·

295 1726 437 1826 ga'm⁴³,
470 1737 727 1801 convenerunt
752 1728 797 1799 ad
826 1752 912 1800 eum
939 1727 1125 1824 episcopi,
1159 1729 1391 1824 sacerdotes,

235 1826 238 1831 ’
294 1828 433 1926 clerici,
459 1829 594 1902 fratres
609 1827 741 1900 militie
760 1853 845 1901 cum
862 1827 1015 1901 vasallis
1035 1825 1195 1901 ecclesie
1213 1827 1392 1925 civesque

292 1929 487 2027 lligenses.
540 1928 588 2001 Et
613 1928 850 2026 presentibus
875 1928 934 2001 his
963 1929 1135 2000 omnibus
1162 1930 1199 2001 in
1227 1928 1389 2002 ecclesia

293 2032 402 2104 beate
421 2029 537 2102 lllarie
557 2028 759 2102 celebravit
778 2029 975 2127 solempne
989 2026 1224 2101 conciliumll
1242 2029 1281 2101 in
1300 2054 1390 2126 qua-

293 2131 505 2228 dragesima
530 2129 694 2224 Domini,
719 2139 874 2227 propter
897 2129 1103 2202 Innocentii
1131 2129 1312 2225 instituta,
1341 2130 1388 2202 ad

293 2231 517 2317 memoriam
548 2231 760 2304 revocando
793 2240 830 2302 et
861 2255 957 2303 nova
989 2230 1149 2326 quedam
1179 2229 1388 2325 adiciendo,

292 2356 364 2427 que
396 2331 543 2405 novelle
574 2329 816 2427 plantationis
848 2330 1008 2404 ecclesie
1042 2331 1255 2403 necessaria
1285 2329 1388 2404 vide·
1432 2329 1437 2336 ’

291 2433 436 2504 bantur.
490 2431 580 2503 Post
598 2432 669 2502 hoc
687 2455 776 2504 vero
797 2431 959 2528 peractis
985 2432 1132 2503 cunctis
1148 2441 1187 2504 et
1210 2430 1387 2524 termina·

291 2532 351 2629 tis,
377 2557 449 2628 que
469 2535 514 2604 ab
542 2531 624 2629 ipso
652 2531 846 2604 terminari
865 2543 1051 2630 poterant,
1079 2543 1117 2605 et
1142 2530 1384 2629 indulgentiis

291 2631 399 2729 datis,
425 2631 639 2706 valedicens
658 2631 801 2704 cunctis
821 2642 858 2704 et
876 2632 1115 2726 benedicens,
1134 2655 1308 2705 reversus
1326 2643 1386 2704 est
1532 2719 1534 2728 Α

291 2734 335 2805 ad
363 2757 498 2829 naveS,
532 2733 801 2806 commendans
824 2731 1030 2828 Lyvoniam
1054 2734 1163 2806 beate
1187 2731 1256 2805 Dei
1281 2732 1385 2831 geni·
1437 2739 1441 2748 '
1533 2737 1534 2750 ¹

288 2833 371 2906 trici
387 2833 515 2930 Marie,
534 2857 620 2906 cum
639 2833 716 2905 lilio
736 2856 804 2905 suo
822 2833 957 2906 dilecto
978 2833 1128 2904 domiuo
1149 2844 1277 2905 nostro
1297 2832 1384 2906 lesu

288 2933 451 3030 Christo,
486 2935 545 3006 cui
574 2945 633 3006 est
657 2935 780 3006 honor
804 2943 842 3006 et
867 2934 989 3033 gloria
1017 2933 1054 3006 in
1082 2934 1212 3007 secula
1238 2934 1385 3007 seculo·

290 3057 384 3105 rum.
421 3035 551 3106 Amen.
1138 3084 1140 3092 -

306 3132 352 3204 Et
366 3132 521 3204 memini
536 3143 574 3204 et
586 3132 805 3208 meminisse
819 3131 970 3207 iuvattt
1007 3133 1089 3207 Scis
1105 3143 1231 3207 cetera
1245 3143 1368 3207 mater

375 3232 488 3331 Virgo
509 3232 625 3306 blaria
644 3233 723 3306 Dei.
760 3235 815 3308 Tu
834 3235 1014 3309 miserere
1033 3233 1124 3307 mei!

225 3348 274 3434 (9.)
363 3333 479 3407 Multa
499 3333 649 3431 quidem
679 3344 715 3407 et
738 3336 906 3435 gloriosa
934 3334 1174 3433 contigerunt
1200 3333 1238 3406 in
1262 3332 1381 3429 Lyvo·

285 3432 347 3506 nia
382 3444 553 3532 tempore
586 3437 842 3510 conversionis
874 3435 1044 3534 gentium
1077 3436 1122 3507 ad
1150 3435 1265 3509 fidem
1294 3433 1380 3508 lesu

285 3533 438 3631 Christi,
465 3560 537 3632 que
567 3546 700 3608 cuncta
726 3536 912 3609 conscribi
929 3537 990 3610 vel
1015 3536 1060 3608 ad
1080 3533 1302 3608 memoriam
1322 3559 1379 3607 re·

284 3634 367 3706 duci
401 3660 475 3707 uon
508 3645 688 3732 possunt,
727 3662 774 3710 ne
805 3636 1017 3734 legentibus
1050 3635 1228 3709 existeret
1258 3635 1377 3708 eciam

282 3735 479 3808 tediosum.
510 3734 598 3827 ,Sed
618 3737 688 3808 hec
707 3738 869 3836 paucula
896 3737 1109 3834 conscripta
1129 3737 1280 3808 suntad
1299 3736 1379 3808 lau·
1399 3740 1402 3745 ’

284 3836 369 3909 dem
385 3836 555 3910 eiusdem
570 3837 709 3909 domini
728 3834 847 3911 nostri
865 3836 951 3911 lesu
970 3837 1107 3910 Christi
1116 3834 1157 3933 ⁴⁶,
1184 3835 1245 3932 qui
1265 3835 1379 3910 fidem

278 3995 1175 4087 immmmmmnmmnmmmm
1269 4015 1378 4087 mm

279 4088 405 4143 Strebllre
431 4091 448 4143 l.
470 4110 491 4144 c.
516 4111 547 4162 p..
564 4091 623 4145 121.
654 4091 713 4148 122.
882 4093 927 4163 45)
955 4092 996 4147 cl.
1022 4093 1105 4162 Verg.
1129 4090 1244 4147 Aeneid.
1268 4089 1288 4160 l,
1314 4090 1379 4144 203.

279 4160 724 4232 mmmmmmm
