3104 5012
332 485 380 560 82
477 481 691 557 HElNlllCl
718 480 997 558 CHRONICON
1023 481 1282 557 trvonlntt

335 683 512 757 mulieres
540 683 783 782 captivarent,
811 694 849 758 et
876 708 994 782 equos
1022 695 1059 758 et
1083 707 1223 784 pecora
1241 681 1433 756 minantes

332 784 456 883 spolia
474 785 594 858 multa
613 795 863 883 asportarent,
882 796 919 860 et
937 782 1047 884 pauci
1066 810 1112 859 ex
1130 784 1185 859 eis
1204 783 1432 883 superstites

333 894 585 981 remanerent,
613 896 650 959 et
667 884 878 959 humiliavit
904 885 1007 960 Deus
1034 883 1232 984 perfidiam
1257 883 1433 982 ipsorum

333 985 372 1058 in
398 1009 537 1083 magna
562 995 670 1083 parte
693 988 828 1060 eodem
853 997 1037 1086 tempore,
1068 995 1109 1058 ut
1136 985 1314 1082 deinceps
1341 982 1433 1057 fide·
1510 1049 1517 1054 .

215 1160 217 1167 ,
333 1085 448 1161 liores
463 1085 714 1160 efficerentur.
750 1084 957 1162 Osilienses
975 1085 1154 1185 pyraticis
1169 1084 1247 1158 suis
1262 1083 1431 1158 Coiwam

333 1185 517 1260 intrantes
537 1195 574 1260 et
591 1186 629 1258 in
647 1186 882 1283 Thoreydam
901 1187 1162 1282 ascendentes,
1189 1184 1432 1284 parrochiam

333 1287 372 1361 in
386 1286 596 1362 Cubbesele
613 1287 780 1361 totaliter
798 1287 1099 1384 devastaverunt,
1118 1295 1156 1360 et
1174 1309 1328 1359 omnem
1345 1309 1433 1382 pro·
1536 1361 1538 1386 ,

333 1387 495 1462 vinciam
515 1386 554 1458 in
580 1385 737 1459 circuitu
761 1387 1016 1486 despoliantes
1043 1386 1138 1459 alios
1156 1386 1376 1459 occiderunt
1392 1396 1433 1458 et
1537 1387 1538 1396 ’

334 1487 430 1560 alios
455 1485 624 1584 captivos
652 1486 896 1584 deduxerunt,
933 1497 970 1562 et
997 1487 1060 1561 alii
1086 1512 1132 1560 ex
1159 1485 1213 1560 eis
1238 1485 1431 1584 fugientes
1536 1527 1538 1586 i

335 1586 1433 1686 Rigamevaseruntetcontraimpetumpaganorumauxi·
1537 1667 1538 1672 ,

334 1687 426 1759 lium
457 1688 709 1785 postulabant.
763 1688 946 1788 Rigenses
974 1699 1103 1762 autem
1129 1677 1319 1760 civitatem
1351 1684 1434 1758 dili·
1536 1687 1538 1750 ἑ

334 1786 438 1887 genti
457 1786 628 1860 custodia
645 1800 840 1863 servantes
868 1800 906 1864 et
928 1786 1167 1873 traditionem
1194 1786 1432 1884 quorundam

333 1886 565 1988 perfidorum
582 1886 772 1986 timenteS,
801 1890 1001 1963 adventurn
1021 1887 1188 1988 episcopi
1208 1897 1246 1961 et
1263 1886 1434 1987 peregri·
1536 1883 1538 1912 ⁷

332 2012 470 2064 norum
489 1990 769 2087 exspectabant.
1536 2039 1538 2080 3

149 2127 152 2132 ·
274 2097 324 2183 (2.)
410 2088 618 2189 Episcopus
650 2098 776 2163 autem
815 2089 949 2162 eodem
980 2112 1078 2161 anno
1111 2111 1196 2160 cum
1227 2087 1431 2183 Wolquino
1536 2089 1538 2144 ἶ

336 2188 519 2286 magistro
539 2190 698 2261 fratrum
713 2189 851 2263 milicie
865 2190 1023 2262 Romam
1042 2187 1210 2283 veniens,
1238 2210 1260 2259 a
1279 2210 1431 2259 summo

335 2288 514 2389 pontifice
524 2287 794 2387 benignissime
804 2299 979 2386 receptus
990 2299 1059 2384 est,
1075 2298 1113 2363 et
1126 2311 1240 2386 super
1249 2287 1433 2360 divisione

334 2389 501 2485 Lyvonie
526 2413 571 2463 ac
595 2389 716 2464 Lettie
747 2389 943 2488 privilegia
971 2388 1157 2488 recipiens
1168 2388 1219 2485 ³²,
1255 2398 1292 2462 et
1316 2411 1434 2486 super
1536 2401 1538 2428 ³

335 2488 591 2589 predicatione
618 2490 655 2562 in
680 2491 944 2564 remissionem
969 2501 1213 2587 peccatorum
1231 2489 1434 2560 auotorita-

334 2601 412 2664 tem
432 2600 650 2664 renovatam
671 2591 872 2688 accipienS,
900 2614 986 2663 curn
1006 2589 1142 2688 gaudio
1166 2611 1341 2662 reversus
1362 2597 1431 2662 est.

336 2691 383 2763 Et
403 2689 529 2763 missis
548 2690 741 2787 rescriptis
760 2689 1041 2789 privilegiorum
1068 2715 1135 2788 per
1160 2688 1368 2786 Prusciam,
1395 2689 1433 2760 in

334 2791 502 2886 Lyvonia
527 2814 678 2863 omnem
703 2791 886 2888 populum
910 2814 984 2863 non
1009 2789 1199 2863 modicum
1224 2789 1432 2884 letificavit,

337 2901 378 2963 ut
396 2915 482 2963 cum
506 2889 672 2962 lacrimis
697 2889 960 2964 nunciantibus
979 2899 1232 2988 occurrerent,
1260 2913 1305 2964 eo
1333 2889 1431 2986 quod

336 2990 1432 3090 postbellorummultaincommodaconsolationemetiam

337 3089 475 3162 summi
495 3089 683 3186 pontilicis
702 3091 928 3191 acciperent.

412 3191 542 3263 Annus
562 3201 642 3264 erat
660 3192 822 3287 presulis
840 3191 981 3270 tercius
997 3191 1171 3265 decimus'
1185 3200 1222 3264 et
1239 3215 1315 3262 non
1330 3189 1432 3287 quie-

336 3288 390 3364 vit
417 3289 579 3363 ecclesia
604 3316 626 3363 a
652 3291 772 3364 bellis.
822 3291 1016 3388 Redeunte¹
1041 3292 1167 3389 itaque
1187 3291 1366 3389 episcopo
1386 3291 1432 3363 de

338 3389 586 3486 Theuthonia,
605 3403 790 3465 venerunt
803 3417 890 3465 cum
905 3417 949 3467 eo
964 3402 1041 3466 tres
1057 3392 1225 3490 episcopi
1240 3391 1432 3488 Philippus

338 3490 651 3590 RaceburgensiS,
677 3493 753 3564 Yso
773 3491 972 3567 Verdensis
996 3502 1034 3567 et
1051 3491 1395 3566 Pathelborniensis
1404 3489 1433 3540 ³³

338 3593 550 3692 episcopus,
569 3592 791 3665 llelmoldus
806 3595 851 3666 de
863 3591 1041 3690 Plesse³⁴,
1059 3593 1273 3667 Bernardus
1288 3593 1334 3666 de
1347 3593 1435 3692 Lip-
1451 3647 1454 3654 λ

338 3693 402 3792 pia
420 3704 457 3766 et
476 3693 540 3765 alii
554 3691 699 3766 nobiles
718 3703 756 3767 et
774 3693 963 3794 peregrini
978 3719 1091 3791 quam
1109 3695 1251 3793 plures,
1272 3720 1435 3792 quorum

339 3794 520 3867 adventus
553 3792 726 3866 omnibus
759 3805 840 3867 erat
870 3795 1144 3892 desiderabilis,
1185 3806 1226 3869 ut
1256 3797 1437 3873 liberaret

339 3895 514 3967 sedentes
533 3893 570 3964 in
589 3893 775 3990 periculis
828 3895 925 3967 Letti
951 3920 1041 3992 ergo
1067 3895 1186 3994 gavisi
1206 3898 1251 3970 de
1271 3899 1435 3972 adventu
1477 3985 1480 3992 Ι

338 4075 386 4144 32)
412 4073 556 4144 Privilegia
585 4073 738 4130 Innocentii
758 4075 807 4130 lll.
830 4077 910 4133 talo.
931 4075 991 4132 Oct.
1010 4078 1056 4131 20.
1081 4078 1215 4134 habentur
1240 4083 1310 4154 apud
1335 4079 1435 4151 Ruuge

340 4149 359 4201 l.
374 4165 396 4201 c.
415 4167 443 4218 p.
456 4147 492 4198 22
513 4165 571 4220 sqq.
592 4145 639 4202 Nr.
655 4147 687 4200 16
708 4158 734 4202 et
754 4150 796 4204 17.
873 4149 917 4222 33)
938 4149 1111 4206 bernhardus
1125 4151 1176 4206 ΙΙΙ.
1251 4155 1296 4226 34)
1318 4164 1434 4209 castrum

339 4219 433 4274 Plesse
453 4238 536 4291 prope
558 4219 713 4290 Gottingen.
1156 4241 1165 4255 ’
