3104 5012
293 460 506 534 Haluntct
534 459 811 534 CHRONlCON
838 457 1115 532 LYVONIAn
1165 461 1235 534 139

140 661 341 757 exercitus,
368 661 589 760 pluviarum
616 659 783 735 lluehant
808 662 972 756 ymbreS,
1003 669 1041 748 et
1068 657 1236 731 resoluta
1314 705 1318 713 ι
1423 653 1435 672 “

139 761 263 862 glacie
281 763 397 834 maris
422 761 457 856 in
478 761 648 858 Ostiam,
675 786 762 834 cum
781 761 830 834 sit
847 760 971 834 insula
998 758 1127 856 maris,
1153 781 1237 856 per·

137 862 269 937 venire
287 887 362 935 non
381 872 566 960 poterant.
603 861 708 935 Unde
725 862 878 936 tandem
893 861 931 932 in
946 859 1235 957 quadragesima
1247 868 1328 926 12¹8.

139 963 324 1062 Rigenses
339 973 519 1036 exeuntes
539 961 850 1058 cumLyvonibus
869 972 908 1035 et
919 961 1050 1055 Leuis,
1070 959 1116 1032 ad
1131 943 1324 1030 Esto-Mffl·
1341 942 1367 998 ³·

139 1087 208 1137 nes
228 1063 323 1136 alios
342 1063 396 1136 ire
416 1061 692 1161 disposuerant,
712 1073 750 1136 et
767 1061 960 1136 venientes
980 1061 1026 1133 ad
1045 1058 1235 1133 Saletsam

2 1179 4 1212 :
45 1251 52 1256 ,
139 1187 307 1261 suosque
322 1162 578 1261 exploratores
592 1162 868 1262 premittentes,
882 1159 1089 1234 Osilienses
1105 1158 1235 1250 obvios

137 1265 361 1338 habuerunt.
399 1263 447 1335 Et
463 1263 592 1337 statim
608 1273 810 1361 postquam
824 1260 1031 1336 Osilienses
1050 1283 1237 1358 cognove-

139 1374 229 1437 runt
251 1363 457 1438 exercitum
482 1363 714 1463 Rigensium,
741 1363 913 1437 conversi
931 1361 1073 1436 suntin
1091 1362 1234 1458 sugam.

140 1464 188 1536 Et
206 1467 460 1563 sequebantur
478 1488 544 1538 eos
563 1465 747 1562 Rigenses
761 1487 847 1537 cum
865 1463 969 1536 omni
983 1461 1150 1553 exercitu
1164 1485 1233 1533 suo

139 1590 209 1663 per
238 1575 362 1637 totum
389 1564 489 1638 diem
519 1563 643 1660 illum,
678 1575 716 1638 et
742 1563 913 1662 sequenti
938 1563 997 1636 die
1022 1561 1235 1662 provincias

138 1667 322 1739 intrantes
353 1663 563 1738 maritimas
588 1666 688 1742 circa
711 1662 872 1738 Osiliam
902 1664 1016 1760 sitas,
1053 1673 1090 1736 et
1116 1655 1234 1735 diviso

140 1765 306 1848 exercitu
325 1788 393 1838 suo
417 1789 486 1863 per
503 1789 642 1852 omnes
670 1765 763 1861 vias,
790 1774 1006 1862 terramque
1024 1761 1237 1861 despolian-

137 1877 210 1963 tes
237 1866 339 1939 viros
368 1888 499 1939 omnes
526 1865 822 1964 comprehensos
847 1865 1128 1959 interfecerunt,
1156 1887 1236 1934 mu·
1273 1923 1276 1931 i

139 1967 252 2040 lieres
272 1977 311 2041 et
327 1965 506 2065 parvulos
525 1966 694 2064 captivos
715 1966 910 2060 duxerunt,
931 1965 1099 2062 iumenta
1116 1963 1237 2035 multa

139 2091 270 2140 secum
290 2066 577 2156 comminantes
596 2066 717 2164 spolia
736 2066 855 2138 multa
868 2066 1046 2161 tulerunt,
1072 2061 1237 2136 flammis

136 2168 249 2242 villas
273 2192 316 2241 ac
345 2169 476 2240 domos
500 2166 744 2240 tradiderunt.
789 2165 1124 2262 &convenientes
1149 2187 1236 2236 cum

140 2267 308 2342 exercitu
334 2291 403 2340 suo
423 2268 601 2341 sederunt
619 2267 856 2364 quiescentes
884 2266 1014 2340 diebus
1033 2264 1177 2363 aliquot
1198 2263 1237 2335 in

136 2369 264 2442 media
288 2379 399 2442 terra.
445 2367 492 2440 Et
517 2377 700 2442 venerunt
726 2368 772 2439 ad
799 2389 864 2440 eos
893 2365 1062 2440 seniores
1091 2367 1137 2439 de
1163 2364 1236 2452 Ha-

140 2467 280 2542 niale⁷⁶
307 2479 346 2542 et
371 2469 494 2542 Cozzo
524 2479 561 2542 et
586 2467 758 2542 omnibus
786 2466 1007 2564 provincia,
1044 2463 1236 2538 aRotalia
1267 2516 1270 2525 -
1334 2500 1337 2506 s

141 2583 261 2666 usque
293 2569 430 2642 Revele
456 2577 494 2642 et
524 2568 678 2644 Hariam
711 2565 937 2661 constitutis,
964 2574 1152 2662 rogantes
1180 2588 1236 2660 ea,

142 2695 215 2769 que
242 2671 346 2768 pacis
372 2679 460 2741 sunt
487 2679 524 2742 et
542 2680 583 2742 ut
608 2670 653 2743 de
672 2667 808 2740 finibus
827 2667 906 2739 suis
924 2666 1154 2739 recederent.
1189 2664 1237 2736 Et

141 2771 314 2844 dixerunt
345 2769 547 2867 Rigenses:
597 2769 637 2842 Si
661 2768 866 2861 volueritn,
902 2766 1090 2864 inquiunt,
1125 2787 1236 2836 sacro

116 2913 119 2920 Δ
141 2875 243 2959 fonte
256 2873 384 2964 ripert,
404 2876 440 2942 et
454 2870 641 2942 nobiscum
656 2872 730 2942 aeri
741 2871 903 2962 pacifici,
920 2869 983 2964 qai
995 2873 1050 2964 cst
1061 2865 1236 2960 Christus

140 2971 209 3062 filii
220 2974 310 3066 lieri,
326 2977 412 3042 tunc
424 2994 548 3043 veram
556 2994 687 3064 pacem
699 2969 881 3042 uobiscum
891 2966 1118 3057 firmabimus
1132 2972 1237 3039 etuas

141 3075 179 3144 in
203 3078 371 3144 nostram
398 3073 667 3158 fraternitatem
687 3072 915 3162 accipiemus.
962 3067 1067 3154 Quod
1087 3065 1237 3142 audien·

140 3183 200 3245 tes
215 3172 374 3245 Estones
393 3171 513 3269 gavisi
532 3181 629 3266 sunt,
658 3181 696 3244 et
713 3169 847 3268 positis
867 3167 1059 3241 obsidibus
1078 3166 1238 3241 ecclesie

139 3271 351 3368 Lyvonensi
371 3295 411 3343 se
427 3270 682 3367 subdiderunt,
701 3280 739 3342 ct
758 3280 798 3343 ut
811 3267 986 3366 baptismi
1000 3277 1239 3341 sacramenta

141 3372 356 3470 reciperent
389 3382 426 3444 et
457 3395 609 3446 censum
644 3369 837 3442 annuatim
867 3369 1138 3466 persolverent.
1191 3366 1239 3438 Et

142 3475 229 3545 data
257 3483 315 3546 est
340 3497 426 3570 paru
454 3483 491 3546 et
514 3471 656 3545 reversi
681 3481 770 3542 sunt
795 3469 977 3566 lligenses
1003 3492 1090 3540 cum
1119 3469 1236 3564 preda

141 3574 275 3671 multa,
308 3597 376 3671 pro
402 3573 525 3669 gentis
550 3571 650 3645 illius
682 3570 796 3643 etiam
824 3567 1086 3666 subiugatione
1112 3567 1235 3640 Deum
1282 3561 1287 3572 ’

142 3674 412 3746 collaudantes.
838 3759 839 3762 Ἴ

216 3774 307 3846 Post
334 3775 538 3847 secundam
557 3772 813 3846 reversionem
832 3767 1170 3843 Sackalanensium
1189 3768 1234 3838 ad
1246 3772 1295 3858 (6.)

139 3873 256 3947 fidem
283 3874 539 3971 christianam,
564 3882 748 3947 venerunt
772 3895 921 3969 quoque
953 3869 1236 3964 Gerwanenses,

135 3975 264 4048 eciam
307 3975 384 4058 iam
420 3975 603 4076 secundo,
655 3984 694 4048 et
730 3971 964 4046 tradiderunt
1001 3995 1043 4045 se
1075 3969 1236 4072 xRigensi

141 4173 187 4247 76)
206 4192 281 4228 nunc
299 4172 436 4229 Hannehl.
