3016 5016
291 386 505 462 Hsslufflct
524 385 798 463 CHRONICON
823 387 1071 492 LYVONIAE.
1171 391 1235 464 vll
1299 389 1336 402 ⁹

142 587 229 662 culis
258 587 481 676 foedissimis
511 595 708 662 scatentem
735 591 792 662 vir
818 588 1054 664 doctissimus
1080 589 1234 665 dicebat.

140 688 201 762 Pet
186 688 322 783 tropoli
351 694 420 761 aut
420 712 475 760 ern
504 712 561 762 me
592 685 775 785 depentem
807 692 995 763 certiorem
1019 693 1164 778 fecito.
1190 690 1234 764 cl

140 787 267 883 Kunile,
286 785 501 862 academiae
518 788 695 862 Russicae
712 789 895 883 imperiali
912 787 1173 886 adscriptus,
1159 815 1236 864 carn

141 887 794 984 anno1862.Auqustumllielowslsi
817 889 1112 986 Leopoliensem⁵
1136 891 1235 965 codi-

141 1012 212 1062 cem
241 987 490 1062 Warsauiae
477 1011 515 1061 m
535 987 660 1083 palat·
646 1014 682 1062 eo
631 990 954 1065 tZamosciano
983 998 1126 1065 eastare
1146 1015 1235 1087 pro-

139 1091 333 1162 nuntiasse.
383 1088 446 1162 Sic
470 1093 532 1162 aia
556 1088 700 1163 indicat
684 1097 740 1185 ta,
770 1113 868 1164 anno
896 1091 1003 1166 1865
1027 1116 1148 1165 mense
1171 1092 1236 1165 Ve-

130 1187 288 1263 'bruario
307 1213 363 1262 me
387 1189 617 1262 Warsaviam
636 1190 786 1285 contuli,
806 1169 1015 1289 aditumque
1033 1189 1085 1264 ad
1102 1192 1235 1266 Zama·

140 1291 305 1362 scianum
327 1288 510 1383 palatium
534 1291 711 1364 interirent
695 1298 735 1364 ta
751 1289 952 1364 Alexandri
975 1315 1019 1364 ea
1040 1290 1236 1366 comitibus

95 1401 96 1405 ’
140 1388 396 1486 Przezdzieclci,
410 1388 635 1463 Maecenatis
649 1389 748 1464 illius
761 1390 978 1486 litterarum,
993 1394 1236 1489 quempancis

141 1496 223 1572 ante
241 1443 398 1563 diebus
385 1515 423 1562 rn
439 1489 551 1563 Italia
569 1489 748 1564 lenit
663 1494 748 1585 fat
748 1514 772 1562 a
789 1490 959 1586 tulerunt,
935 1498 1068 1565 tmoa
1086 1492 1234 1566 obtinui.

141 1587 356 1667 Motust
288 1595 356 1662 aut
355 1614 410 1663 em
434 1587 564 1686 quibus
592 1570 677 1664 tunb
702 1590 860 1665 Polonia
886 1592 1136 1689 quatiebatur,
1171 1617 1236 1667 nec

136 1696 375 1784 pepercerant
394 1689 449 1764 illi
474 1689 734 1785 bibliothecae·
760 1698 929 1765 mortuus
953 1699 1037 1766 erat
1052 1649 1235 1767 bibliothe-

141 1792 280 1885 carius,
316 1814 436 1868 comes
463 1788 508 1864 de
533 1747 731 1885 Zamoqslsl
757 1790 887 1865 aberat
914 1793 1021 1888 lonqe
1047 1815 1072 1866 a
1094 1795 1235 1888 patria,
1307 1840 1310 1845 -

140 1889 223 1962 libri
236 1887 445 1984 perturbati
460 1913 571 1989 quarn
590 1895 759 1964 manime.
790 1894 871 1965 Iam
890 1891 1104 1986 desperatus
1123 1892 1235 1966 absti-

139 1989 247 2062 nendi
265 2014 509 2084 conceperam
511 1994 766 2090 propositum,
773 2016 854 2065 curn
868 1995 1022 2080 fortuito
1038 1991 1237 2088 deteqercm

32 2099 35 2102 ’
140 2093 230 2163 inter
254 2088 349 2164 duos
375 2113 597 2186 permaquos
623 2089 738 2166 libros
765 2091 927 2166 codicem
952 2092 1134 2190 quendam
1153 2093 1237 2168 abs·

141 2189 346 2284 conditum,
386 2213 536 2287 eumque
567 2191 641 2272 luci
679 2191 802 2267 reddit
787 2201 863 2267 tum
902 2216 1136 2288 apnoscercm
1173 2192 1237 2266 diu

141 2293 283 2387 quaesit
282 2298 386 2374 umt
370 2290 593 2364 thesaurum.
634 2291 776 2367 Statim
799 2295 985 2366 accinctus
1007 2317 1063 2366 me
1075 2316 1238 2388 praepa·

139 2393 220 2465 ravi
244 2389 296 2462 ad
324 2390 584 2478 conferendum
611 2415 694 2468 cum
711 2395 896 2486 impressis
914 2391 1087 2488 codicem,
1114 2395 1237 2489 coqni·

140 2496 247 2586 toque
264 2515 329 2564 nec
345 2515 445 2586 spem
464 2516 520 2565 me
537 2491 723 2587 fefellisse,
741 2516 806 2568 nec
824 2491 1017 2565 editionem
1034 2517 1168 2565 novam
1183 2496 1237 2566 in·

138 2590 360 2663 stitnendam
382 2615 469 2685 esse,
497 2593 568 2664 nisi
585 2591 830 2669 Zamosciano
850 2591 1049 2686 exemplari
1066 2615 1140 2689 qna
1157 2597 1237 2682 fieri

16 2699 18 2766 l
135 2694 299 2785 potuerit
312 2689 500 2788 diliqentta
514 2715 683 2787 eacussoq
693 2690 826 2766 librum
838 2691 932 2767 lune
946 2695 1236 2788 manuscriptum

137 2789 335 2865 liberaliter
370 2814 579 2866 concessum
614 2791 731 2865 reduc
762 2793 975 2866 Berolinum
1009 2796 1047 2866 in
1083 2792 1236 2866 aedibus

139 2890 374 2965 bibliothecae
388 2894 511 2988 reqiae
524 2895 561 2965 in
576 2914 682 2965 usum
695 2899 862 2966 nostrum
874 2897 1059 2988 ipseoerti.
1086 2892 1236 2967 Funda-

16 2999 23 3059 t
137 2999 256 3065 mento
276 2994 330 3065 sio
343 2995 478 3087 posteo,
498 2990 542 3064 de
560 2992 645 3064 aliis
664 2991 824 3066 chronici
842 2992 1028 3067 codicibus
1042 2993 1234 3090 sollicitus,

132 3094 270 3184 paravi
283 3091 453 3165 editionis
467 3092 798 3179 freturaesubsidia
811 3093 1092 3189 necessaria‚'de
1106 3092 1235 3191 quibus
1299 3165 1303 3172 ,
1335 3187 1341 3192 „
1471 3183 1473 3188 ¹

16 3224 32 3348 q
134 3192 556 3287 omnibusnuncaqam.
1257 3275 1260 3281 ⁸

241 3293 273 3366 12
302 3291 445 3366 Codes
462 3292 793 3366 Zamoseianus
818 3293 1171 3388 Warsaviensis,
1197 3298 1235 3367 in

132 3394 264 3478 forma
281 3391 446 3489 quadrat
445 3416 469 3464 a
483 3395 617 3466 minori
617 3391 957 3488 ,membranaceus
976 3395 1125 3468 sacculo
1140 3395 1233 3467 XIV
1244 3409 1247 3412 ’
1358 3487 1362 3493 q

132 3493 279 3566 ineunte
305 3495 543 3610 conscriptus.
592 3495 634 3565 In
659 3491 771 3566 dorso
796 3497 987 3591 lequmiriis
1010 3493 1098 3591 leqit
1097 3518 1143 3566 ur
1168 3518 1234 3567 nu·

131 3615 257 3667 merus
276 3596 344 3688 30·
368 3596 406 3666 in
424 3590 575 3666 scedula
594 3590 716 3666 adieet
700 3599 739 3665 to
757 3617 929 3670 numerus
948 3598 1032 3671 455.
1064 3595 1235 3668 interiori

130 3696 309 3809 tequmini
333 3692 484 3768 scedula
510 3692 656 3789 adqlut
642 3717 706 3766 rna
708 3700 747 3766 ta
773 3692 880 3767 arma
898 3701 1084 3768 monstrat
1068 3694 1235 3768 t·Zamo

130 3795 267 3865 sciona
283 3800 328 3874 et
351 3794 443 3867 baec
462 3793 593 3867 verba:
625 3793 837 3868 Stanislaus
861 3795 900 3868 C.
929 3796 971 3869 Ο.
996 3795 1200 3890 Zamoyski
1224 3793 1233 3870 l

127 3892 243 3965 Anno
266 3897 373 3968 1804.
394 3892 403 3967 b
422 3895 475 3966 Ex
493 3893 722 3968 bibliotheca
740 3893 778 3966 C.
799 3895 842 3968 Ο.
861 3895 1075 3991 Zamoyski.
1120 3896 1163 3967 In
1181 3897 1235 3969 in-

127 3993 266 4078 feriori
292 3997 456 4088 marqine
480 3994 563 4081 folii
592 3992 729 4067 codicis
753 3997 865 4091 primi
889 3994 980 4070 baec
996 3999 1056 4069 ria
1074 3993 1235 4092 leqibilia

127 4118 158 4190 5)
181 4119 215 4175 V.
236 4137 346 4192 quoquo
365 4119 536 4176 Hildobrand
554 4123 573 4178 l.
593 4139 615 4178 o.
636 4140 662 4194 p.
681 4121 708 4178 5.
837 4171 840 4178 .
1072 4169 1074 4174 .

940 4213 980 4278 1*
1159 4237 1162 4244 .
