3016 5016
224 475 436 550 nnrnnrcr
463 476 742 551 canonicor
767 421 1017 553 crvonrnu.
1121 485 1165 556 13

73 677 287 776 ingressum
312 688 412 752 terre
431 677 637 776 audientesp
663 703 794 776 regem
814 680 861 754 de
878 680 1060 755 Ploscehe
1079 705 1167 754 cnm

73 778 238 853 exercitu
259 777 535 852 Leththoniam
568 777 728 892 intrare,
765 780 982 878 Semigallis
1013 781 1167 880 nahoth,

74 904 158 953 cum
185 878 350 954 festinat
325 889 423 953 trono
442 879 664 952 redeuntet
627 879 727 952 etin
755 905 915 954 ascensu
933 880 1036 956 iuxta
1055 881 1168 956 Rum-

73 981 200 1054 bulam
227 981 321 1052 duos
348 979 557 1093 piscatores
580 979 748 1153 episcopi
775 981 1027 1080 invenientes,
1059 982 1166 1080 quasi

75 1080 151 1181 lupi
169 1104 330 1180 rapaces
348 1080 386 1151 in
406 1079 508 1177 ipsos
527 1079 741 1154 seviuntet
766 1093 891 1155 vestes
911 1083 1044 1179 quibus
1063 1093 1168 1181 tege·

74 1183 207 1254 bantur
225 1181 411 1254 auferunt
457 1180 540 1294 Quo
566 1181 665 1254 facto
685 1180 894 1278 piscatores
913 1183 1089 1256 denudati
1108 1183 1168 1255 Ri-

75 1306 160 1381 gam
175 1281 326 1380 fugiunt
340 1291 378 1354 et
390 1280 566 1354 iniuriam
580 1280 724 1354 illatam
740 1293 942 1382 exponunt.
974 1282 1167 1382 Peregrini

30 1411 33 1418 ·
75 1393 198 1456 autem
225 1381 282 1456 rei
309 1381 506 1456 veritatem
538 1381 575 1453 in
578 1381 811 1480 telligenteS,
833 1385 1025 1557 quosdtam
1056 1385 1167 1458 Leth-

74 1484 206 1557 thones
225 1481 376 1556 adhuc
366 1507 403 1554 rn
422 1481 516 1580 Riga
536 1481 739 1557 existentes
758 1483 949 1581 capiunto
930 1495 1028 1558 eteo
1047 1509 1166 1582 usque

76 1584 110 1656 in
129 1583 286 1658 vinculis
306 1585 368 1656 det
353 1582 486 1681 tinent⁷
512 1583 685 1658 donec
648 1594 770 1683 piscat
756 1584 899 1657 toribus
918 1586 1042 1660 ablata
1060 1588 1167 1660 resti-

74 1695 235 1758 tuantur.

145 1887 253 1958 Anno
281 1894 414 1982 quarto
441 1908 509 1958 sue
536 1883 787 1957 ordinacionis
806 1883 937 1983 paucis
955 1909 1164 1983 peregrinis
1176 1888 1245 1974 (Vl)

76 2010 221 2058 murum
241 2009 283 2060 se
300 2010 369 2084 pro
386 1986 497 2058 domo
512 1985 662 2057 Domini
678 1986 904 2099 ponentibus
919 1984 1049 2058 civitas
1065 2011 1165 2058 com·
1177 1975 1256 2027 ¹2⁰2·

20 2067 250 2186 mittitur,
292 2096 329 2160 et
363 2085 563 2186 episcopus
595 2111 682 2159 curn
716 2086 850 2161 ceteris
885 2085 1095 2185 peregrinis
1125 2087 1163 2158 in

75 2185 345 2261 Theuthoniam
365 2185 625 2285 proficiscitur.

146 2288 234 2361 Post
265 2287 373 2361 cuius
405 2286 617 2362 discessum
646 2286 763 2360 frater
789 2285 870 2360 eius
900 2287 1106 2385 Engelbert
1107 2295 1203 2386 us(2
1206 2297 1223 2382 .)

76 2387 184 2460 horno
219 2369 443 2501 religiosus,
476 2388 521 2461 de
548 2388 653 2460 Novo
684 2385 961 2460 Monasterio⁶⁴
993 2398 1162 2559 vocatuts,

76 2486 202 2602 Rigam
222 2487 459 2586 cumprimis
486 2487 588 2562 venit
612 2486 753 2560 civibus
782 2497 836 2586 et,
864 2511 908 2560 eo
935 2498 1163 2599 cooperante

76 2589 134 2683 qui
164 2591 227 2662 dat
257 2592 414 2663 verbum
445 2587 819 2686 ewangelizantibuS,
856 2585 992 2660 Christi
1024 2612 1163 2662 nornen

76 2687 225 2764 dilatare
244 2689 345 2787 cepit
361 2689 400 2761 in
426 2688 601 2788 gentihus
628 2688 849 2761 cumfratre
867 2687 1097 2762 Theoderico
1118 2690 1164 2762 de

21 2851 26 2894 p
75 2788 254 2863 Thoreida
270 2800 308 2863 et
321 2790 533 2862 Alahrando
550 2800 587 2862 et
601 2789 736 2863 ceteris
749 2788 953 2864 fratribus
942 2813 980 2861 m
994 2789 1163 2885 Lyvonia

21 2892 139 3010 psub
165 2890 355 2989 religione
367 2889 587 2964 viventibus
642 2889 837 2962 Cuiust
786 2901 837 2963 vrt
839 2914 900 2962 arn
929 2901 966 2964 et
991 2891 1224 2989 ordincmp3.)

21 2897 27 3024 i
22 2992 323 3120 papprobantes
341 3015 417 3063 non
428 2991 548 3104 longo
567 3000 788 3064 transactot
737 3002 944 3104 eotrnpore
962 2992 1097 3069 fratres
1117 2993 1163 3066 de

22 3025 28 3200 i
78 3103 256 3166 conventu
275 3090 435 3165 beate
401 3090 556 3190 virginis
570 3091 714 3165 Marie
705 3117 742 3162 m
757 3090 892 3204 Rigap
883 3115 1007 3190 1psum
1024 3091 1063 3164 in
1081 3117 1164 3190 pre-

22 3233 27 3318 p
77 3191 169 3288 posit
171 3218 235 3265 um
262 3191 427 3290 eligunt,
455 3216 542 3288 quia
562 3216 607 3265 ex
632 3193 767 3265 eodem
786 3191 916 3264 ordine
940 3193 986 3266 de
1005 3193 1162 3268 cenobio

23 3287 338 3392 {Sigebergensi
353 3294 450 3365 bone
469 3291 652 3366 memorie
670 3292 909 3405 Meynardus
935 3293 1080 3389 primus
1094 3293 1164 3390 Ly·

23 3381 26 3490 ᾗ
77 3415 208 3466 vonum
228 3393 442 3492 episcopm,
471 3404 529 3465 est
551 3393 649 3466 elect
634 3403 708 3488 tus,
735 3393 820 3506 qui·
826 3417 892 3466 eos
919 3393 989 3464 sibi
1017 3395 1165 3466 oonfor-

78 3514 175 3568 mare
193 3495 339 3590 volens⁷
368 3505 594 3567 conventum
621 3493 792 3591 ipsorum
811 3493 848 3565 in
867 3493 1046 3591 parochia
1065 3494 1162 3568 Yhe-

80 3593 172 3666 scola
190 3594 334 3693 primus
358 3593 583 3668 instituerat.
636 3594 757 3681 Quem
782 3604 911 3666 tamen
938 3603 1224 3689 conventumh)

24 3707 26 3766 ἑ
79 3686 303 3790 r'egularium
323 3705 367 3768 ·te
393 3693 648 3792 episcopalem
673 3694 801 3767 sedem
828 3690 962 3807 postea
987 3695 1117 3767 Albert
1102 3704 1163 3766 tus

24 3794 270 3910 pepiseopus
299 3797 344 3868 de
367 3794 591 3868 Yhesoola
581 3821 618 3867 1n
643 3794 778 3892 Rigam
802 3794 919 3867 tercio
948 3819 1015 3868 sue
1034 3818 1164 3868 conse·

24 3863 248 3968 erationis
277 3920 373 3968 anno
393 3905 514 3968 transt
499 3895 585 3968 tulit
603 3906 644 3969 et
664 3895 883 3968 cathedram
907 3895 1164 4066 eppiscopalem

82 4014 157 4066 cum
184 4006 265 4070 tota
295 3996 461 4092 Lyvonia
487 3997 584 4070 beat'
558 3996 704 4070 trssime
732 3995 799 4070 Dei
828 3995 1021 4094 genitricis
1049 3997 1164 4070 Marie

83 4188 130 4264 64²)
149 4194 331 4251 Neumiinstor
351 4197 378 4250 in
398 4196 531 4254 Holsatia.

940 4301 962 4370 3
