3084 5018
297 484 367 558 174
437 476 650 552 llElNlllCl
677 473 955 550 CHRONICON
981 475 1232 550 LYVONlAll.

295 704 464 775 munera,
491 677 738 778 promisitque
757 677 811 751 eis
831 677 932 750 omni
952 677 1074 750 studio
1093 677 1300 775 Lyvoniam
1320 680 1390 753 ite·

295 807 379 856 rum
406 780 443 854 in
471 803 579 852 suam
606 803 647 852 se
673 779 771 852 velle
797 803 977 853 revocare
994 778 1220 876 libertatem,
1237 790 1387 854 tantum

296 893 338 957 ut
351 907 425 956 una
439 905 531 980 pace
545 880 719 976 belloque
734 879 845 952 unico
860 891 990 952 contra
1005 885 1174 978 paganos
1190 904 1234 952 ac
1248 880 1389 954 llutbe·

295 1007 366 1058 nos
388 981 634 1056 Thouthonioi
656 1004 742 1053 cum
764 975 881 1052 Danis
904 981 1122 1082 gauderent.
1158 982 1199 1054 ln
1223 981 1389 1055 Sackala

295 1109 385 1160 vero
414 1093 450 1157 31
474 1082 643 1181 Ugaunia
667 1081 813 1179 regalia
838 1093 972 1156 cuncta
997 1081 1109 1154 simul
1137 1091 1175 1155 et
1200 1083 1389 1156 secularia

296 1186 378 1259 iura
396 1183 573 1257 fratribus
591 1182 729 1256 milicie
748 1182 941 1278 dederunt,
961 1193 998 1257 et
1016 1183 1193 1282 episcopo
1213 1183 1388 1282 spiritua-

295 1288 347 1361 lia
366 1283 647 1381 commiserunt,
669 1292 706 1358 et
723 1282 865 1357 reversi
883 1293 971 1356 sunt
988 1284 1195 1382 gaudentes
1213 1284 1251 1355 in
1270 1284 1389 1380 Lyvo·

298 1390 411 1460 niam.

240 1503 287 1588 (2.)
373 1488 460 1562 Post
489 1507 649 1584 quorum
679 1483 934 1560 reversionem
964 1483 1066 1558 venit
1095 1484 1204 1558 miles
1235 1483 1387 1582 quidam

240 1606 242 1610 ·
299 1586 567 1682 GodesoalduS,
597 1584 697 1682 regis
729 1584 845 1660 Dacie
875 1585 1050 1683 nuncius,
1081 1585 1220 1658 missus
1249 1611 1270 1658 3
1297 1610 1389 1683 rege

296 1710 552 1789 preoccupare
571 1685 731 1759 civitatis
744 1685 896 1784 ipsius1⁸
916 1686 1150 1760 advocatiam
1169 1686 1214 1758 ad
1232 1711 1388 1758 manum

297 1789 410 1888 regis.
437 1787 507 1886 [Et
533 1787 837 1860 contradixerunt
865 1811 996 1861 omnes
1022 1787 1068 1886 31,
1096 1787 1159 1886 qui
1186 1797 1293 1862 erant
1318 1812 1390 1885 per

299 1893 513 1965 universam
538 1885 755 1985 Lyvoniam,
781 1897 859 1961 tam
885 1887 1056 1984 Lyvones
1075 1898 1113 1961 et
1138 1888 1247 1986 Leni,
1274 1913 1389 1985 quam

298 1988 543 2065 Theuthonici
569 1987 606 2060 in
636 1998 802 2085 tantum,
833 1999 874 2061 ut
905 1988 1023 2063 eciam
1054 2001 1286 2063 mercatores
1317 1987 1389 2060 sibi

300 2094 591 2191 gubernatorem
614 2087 720 2162 navis
739 2099 901 2163 suetam
921 2091 966 2163 de
993 2089 1187 2162 Gotlandia
1206 2090 1243 2161 in
1270 2089 1390 2186 Lyvo·

299 2193 401 2286 niam
420 2190 616 2286 veniendo,
641 2215 754 2287 quam
774 2191 819 2264 de
837 2190 1004 2286 Lyvonia
1022 2190 1058 2262 in
1075 2189 1312 2264 Gotlandiam
1331 2215 1389 2263 re-

301 2292 447 2367 deundo
467 2291 706 2388 denegarent.
742 2291 790 2361 Et
806 2291 964 2364 recessit
981 2291 1062 2388 ipse
1082 2293 1259 2365 confusus
1278 2317 1300 2364 a
1318 2291 1390 2386 Ly-

300 2393 424 2486 33313,
451 2391 625 2488 venitque
652 2391 688 2462 in
708 2415 812 2464 mare
839 2416 1019 2490 magnum
1048 2403 1084 2465 et
1103 2393 1323 2491 spatiosum,
1350 2401 1389 2464 et

301 2495 380 2568 ibat
397 2494 477 2566 sine
496 2502 644 2566 rectore
662 2493 767 2566 navis
787 2503 825 2568 et
842 2494 1030 2592 proiectus
1049 2504 1145 2567 esta
1171 2503 1281 2568 vento
1301 2517 1389 2565 con·

210 2625 212 2628 ·
300 2596 427 2669 trario.
476 2594 524 2665 Et
548 2593 631 2690 quia
657 2593 828 2666 fortassis
854 2595 1232 2694 contravoluntatem
1256 2593 1390 2692 ipsius⁷
1463 2661 1469 2668 .

302 2696 363 2794 qui
388 2694 509 2769 ventis
535 2693 707 2793 imperat,
734 2705 889 2768 venerat
906 2695 943 2767 in
966 2695 1183 2793 Lyvnniam,
1210 2695 1294 2768 ideo
1315 2715 1390 2766 non

301 2796 489 2872 immerito
519 2795 621 2870 venti
652 2806 783 2868 contra
814 2820 900 2869 eum
929 2795 1228 2893 insurrexerunt,
1262 2806 1300 2870 et
1330 2795 1390 2867 sol

301 2897 441 2971 iustitie
460 2922 535 2969 non
552 2896 673 2969 illuxit
690 2896 736 2991 31,
765 2920 809 2969 33
835 2897 933 2993 quod
952 2897 1110 2970 Mariam
1128 2908 1289 2971 matrem
1308 2896 1390 2970 3133

303 2999 522 3094 offenderat,
550 3023 622 3095 que
640 2996 755 3070 maris
769 2996 901 3069 dicitur
920 2997 1078 3094 stella¹⁷‚
1105 3008 1334 3096 quapropter
1352 3007 1390 3070 et

301 3099 384 3197 ipsa
413 3109 552 3172 certam
576 3099 648 3197 ipsi
674 3097 773 3171 viam
797 3121 872 3169 non
898 3098 1071 3172 ostendit.
1123 3099 1262 3173 Taliter
1288 3098 1392 3172 idem

301 3198 411 3272 miles
439 3200 616 3297 expulsus
644 3224 666 3271 3
691 3197 858 3293 Lyvonia
884 3199 995 3272 rediit
1021 3199 1058 3271 in
1085 3199 1252 3297 Daciam,
1285 3201 1390 3273 abre-

302 3299 484 3376 nuncians
499 3301 674 3398 deinceps
693 3299 729 3370 in
744 3308 843 3393 terra
858 3300 967 3374 beate
981 3299 1134 3398 virginis
1148 3300 1264 3374 Mario
1282 3325 1392 3398 rega·

302 3403 378 3476 lem
398 3400 641 3474 advocatiam.
677 3398 752 3496 Sic,
776 3399 829 3472 sic
848 3401 963 3473 maris
982 3402 1093 3474 stella
1112 3425 1219 3473 suam
1238 3425 1392 3497 semper

304 3503 464 3578 custodit
492 3501 715 3598 Lyvoniam,
747 3499 820 3596 313,
850 3501 905 3573 313
935 3502 1062 3574 mundi
1094 3502 1244 3575 domina
1274 3512 1389 3574 terra·

302 3628 460 3700 rumque
479 3602 647 3700 omnium
665 3601 880 3698 imperatrix
900 3602 1103 3700 specialem
1122 3627 1230 3676 suam
1248 3613 1395 3676 terram

303 3728 454 3802 semper
471 3702 647 3801 defendit,
666 3701 731 3797 313,
751 3701 805 3775 313
822 3703 953 3802 regina
972 3704 1042 3776 celi
1060 3704 1220 3778 terrenis
1237 3703 1394 3801 regibus.

209 3853 212 3860 ,
302 3804 475 3902 imperat.
509 3805 640 3877 Nonne
659 3803 828 3902 imperat,
849 3805 996 3901 quando
1015 3800 1126 3903 reges
1145 3805 1284 3878 multos
1304 3828 1392 3876 con·

303 3916 361 3977 tra
391 3905 597 4002 Lyvoniam
628 3914 840 4005 pugnantes
871 3906 1131 3978 exacerbavit?
1172 3906 1304 3978 Nonne
1330 3930 1391 3978 ex-

305 4006 504 4103 acerbavit,
531 4008 678 4103 quando
697 4031 827 4104 regem
846 4009 1025 4104 magnum
1044 4006 1327 4101 Woldemarum
1345 4007 1395 4079 de

305 4159 348 4228 16)
373 4157 509 4229 Rigensis.
639 4158 680 4232 17)
706 4159 847 4232 Hymuum
872 4162 961 4216 innuit
986 4163 1136 4234 antiquum.
1182 4160 1223 4216 Cf.
1251 4160 1396 4216 Fortunati.

306 4234 422 4286 carmina
442 4232 517 4296 Vlll,
537 4232 563 4287 5.
