3104 5012
360 433 430 509 138
501 431 714 505 HEINRlCl
742 429 1020 504 CHRONlCON
1046 429 1298 522 LYVONlAE.

355 630 661 728 innumerabiles
683 631 746 728 qui
772 656 840 730 per
866 630 981 706 silvas
1000 654 1044 704 ac
1062 631 1220 730 paludes
1239 631 1454 743 computari

355 757 431 806 non
449 741 637 832 poterant,
663 741 701 806 et
728 755 911 828 equorum
937 733 1018 805 lere
1036 732 1109 804 duo
1129 730 1285 803 milia
1253 755 1307 804 ers
1327 733 1454 810 abstu-

355 833 491 930 lerunt,
519 841 557 906 et
581 856 686 905 arma
712 841 749 905 et
768 830 889 929 spolia
909 833 1035 905 omnia
1054 855 1186 906 eorum
1211 831 1388 927 tulerunt,
1415 841 1453 904 et

355 889 525 1040 sequenti
553 933 613 1006 die
639 942 747 1031 rapta
772 931 898 1006 omnia
925 931 1023 1006 inter
1048 955 1090 1005 se
1108 931 1292 1028 equaliter
1318 930 1453 1006 divise·

231 1033 451 1135 (4.)ιίιίιι.
518 1031 647 1130 Catrpo
681 1056 791 1128 vero,
834 1033 967 1106 lancea
1006 1033 1219 1131 perforatus
1249 1056 1317 1131 per
1348 1032 1451 1104 latus

353 1145 566 1231 utrumque,
596 1132 758 1207 fideliter
787 1133 1005 1231 passionem
1036 1131 1187 1205 Domini
1218 1156 1451 1206 commemo·
1539 1141 1546 1226 ι

351 1259 453 1332 rans,
479 1234 714 1331 sumptisque
741 1233 916 1306 dominici
936 1233 1107 1330 corporis
1126 1233 1387 1346 sacramentis,
1409 1233 1449 1304 in
1491 1322 1495 1328 1
1544 1229 1546 1234 ’

352 1336 499 1409 sincera
527 1333 765 1408 confessione
790 1333 994 1407 christiane
1016 1333 1210 1432 religionis
1230 1333 1356 1407 emisit
1373 1333 1451 1432 spi·
1544 1341 1546 1418 ζ

351 1436 485 1529 ritum,
518 1433 644 1506 divisis
675 1433 798 1532 primo
830 1433 938 1506 bonis
965 1435 1044 1506 suis
1071 1434 1245 1507 omnibus
1276 1433 1450 1508 ecclesiis
1544 1439 1546 1496 ὲ

351 1561 420 1635 per
449 1533 657 1630 Lyvoniam
693 1533 916 1607 constitutis.
982 1533 1031 1606 Et
1059 1535 1205 1608 luctum
1235 1535 1451 1607 habuerunt
1544 1545 1546 1586 t

353 1660 467 1735 super
497 1659 584 1708 eum
609 1643 689 1706 tam
713 1657 840 1708 comes
871 1634 1067 1730 AlbertuS,
1103 1659 1216 1732 quam
1239 1637 1372 1732 abbas,
1410 1645 1450 1708 et
1542 1673 1546 1714 t]

352 1759 498 1832 omneS,
525 1735 587 1831 qui
607 1745 715 1808 erant
732 1759 818 1808 eum
838 1735 902 1808 eis
944 1734 991 1808 Et
1017 1738 1254 1808 combustum
1281 1745 1341 1808 est
1367 1759 1449 1807 cor·
1545 1735 1546 1824 f

349 1861 422 1936 pus
442 1836 535 1929 eius,
563 1845 602 1910 et
620 1859 708 1908 ossa
735 1835 921 1909 delatam
939 1835 1144 1931 Lyvoniam
1171 1846 1209 1909 et
1234 1835 1435 1933 sepulta
1408 1861 1448 1907 ιιι
1545 1853 1546 1856 ’

352 1937 571 2010 Cubbesele.
1545 1939 1546 2014 g

254 2051 360 2149 (5.)
426 2037 516 2109 Post
532 2035 674 2109 bellum
693 2045 818 2108 autern
836 2035 1024 2133 processit
1037 2035 1224 2109 exercitus
1243 2038 1288 2108 ad
1303 2034 1448 2132 Palam,
1544 2041 1546 2060 ²

350 2136 388 2207 in
405 2136 534 2210 villam
551 2135 725 2232 Lcmbiti,
752 2136 963 2232 sedensque
987 2135 1107 2209 tribus
1136 2135 1266 2209 diebus
1294 2135 1447 2232 ibidem,
1544 2199 1546 2232 z

351 2236 537 2311 miserunt
560 2236 734 2350 Lyvones
759 2246 797 2309 et
820 2235 951 2310 Lettos
971 2236 1016 2308 ad
1036 2236 1294 2334 depredandas
1313 2260 1450 2309 omnes

352 2336 565 2436 provincias
591 2336 630 2408 in
657 2336 814 2409 circuitu
840 2348 877 2410 et
900 2336 1163 2410 incendendas.
1208 2336 1255 2408 Et
1272 2337 1376 2409 venit
1400 2338 1450 2430 ad
1544 2363 1546 2430 3

352 2462 418 2512 eos
435 2439 553 2511 frater
569 2437 729 2510 Lembiti
755 2437 967 2534 Unnepewe
985 2461 1072 2508 cum
1092 2437 1187 2532 aliis,
1219 2436 1281 2534 qui
1299 2461 1450 2509 reman·
1544 2513 1545 2516 ,

351 2549 489 2635 serant,
521 2538 777 2636 supplicantes
804 2562 872 2636 pro
904 2560 998 2634 pace
1029 2535 1188 2634 pristina
1218 2537 1447 2610 renovanda.

351 2638 399 2711 Et
425 2639 597 2712 dixerunt
628 2638 683 2712 eis
713 2636 981 2712 Theuthonici:
1026 2637 1121 2726 (luia
1148 2640 1249 2710 sueri
1273 2637 1448 2731 baptismi
1544 2657 1546 2704 ι

350 2745 584 2812 sacramento
601 2745 770 2832 susceptu
789 2739 1065 2832 contempsistis,
1089 2745 1126 2811 et
1144 2760 1382 2832 pupunorum
1401 2761 1448 2810 uc

350 2840 406 2912 Ru
410 2840 597 2912 thanorum
612 2837 773 2911 consiliis
786 2835 893 2927 fidem
907 2838 1037 2911 Christi
1054 2845 1140 2911 cont
1124 2841 1301 2911 ttuminus
1286 2839 1344 2932 tis,
1362 2835 1448 2910 ideo

345 2942 531 3033 percussit
540 2962 604 3010 vos
617 2937 804 3010 Dominus.
841 2937 946 3011 Nune
959 2961 1044 3032 erqo
1059 2940 1279 3012 revertimini
1291 2935 1447 3026 fideliter

352 3036 404 3110 ud
427 3039 621 3155 Christum,
649 3044 683 3110 et
706 3037 826 3110 adhue
844 3040 1056 3132 recipiemus
1072 3063 1137 3112 vos
1155 3041 1192 3111 in
1209 3041 1373 3126 fraterne
1392 3037 1447 3110 di·
1476 3067 1480 3076 ·

351 3137 434 3211 lect
406 3139 516 3210 tionis
532 3144 657 3210 nostre
683 3141 923 3210 consorcium.
976 3138 1023 3209 Et
1040 3138 1233 3238 placuit
1201 3161 1267 3212 ers.
1312 3137 1361 3210 Et
1387 3163 1447 3212 ac-

351 3237 470 3338 ceptis
500 3230 728 3310 obsidibus
718 3263 793 3310 tarn
821 3240 987 3312 secundo
1013 3240 1098 3312 data
1127 3249 1186 3312 est
1212 3238 1268 3312 eis
1292 3263 1404 3336 pax,
1405 3251 1447 3312 ut

352 3339 477 3414 omnia
505 3337 815 3412 christianitatis
805 3364 887 3412 rura
910 3338 1072 3413 fideliter
1099 3343 1310 3413 observent.
1360 3326 1444 3426 Quo

348 3442 449 3514 facto
481 3463 656 3514 reversus
688 3450 747 3514 est
777 3439 965 3513 exercitus
996 3464 1083 3513 cum
1110 3439 1285 3518 omnibus
1312 3438 1446 3538 spoliis

350 3541 427 3614 suis
452 3541 489 3613 in
507 3539 740 3636 Lyvoniam,
755 3549 793 3614 et
818 3550 984 3638 protam
1011 3541 1179 3638 gloriosa
1197 3539 1353 3613 victoria
1374 3539 1445 3612 sihi

350 3666 370 3715 a
389 3641 469 3715 Deo
490 3640 628 3714 collata
646 3640 916 3714 benedixerunt
934 3639 1150 3736 Dominum,
1176 3639 1237 3738 qui
1257 3650 1316 3714 est
1333 3641 1446 3714 bene·

349 3741 470 3814 dictus
489 3741 526 3814 in
546 3741 686 3815 secula
728 3741 933 3838 Postquam
951 3741 1062 3814 rediit
1079 3765 1208 3814 comes
1225 3741 1404 3814 Albertus
1423 3766 1445 3813 a

350 3843 440 3916 cede
467 3840 818 3938 Sackalanensium,
852 3841 1123 3914 desiderabat'
1114 3865 1197 3939 ipse
1221 3840 1260 3913 in
1285 3839 1450 3914 Osiliam‘

350 3943 463 4015 aliam
478 3967 703 4040 promovere
718 3939 1008 4055 expeditionem,
1021 3929 1311 4056 machinamque
1326 3940 1443 4014 maio·

348 4067 429 4138 rein
454 4041 536 4116 fieri
560 4042 670 4115 iussit
697 4053 734 4118 et
764 4064 896 4116 omnes
921 4042 968 4114 ad
998 4041 1070 4116 iter
1098 4043 1225 4140 ipsum
1255 4031 1442 4115 conforta·

348 4142 412 4216 vit.
466 4140 540 4216 Sed
567 4141 705 4234 indicta
733 4149 860 4241 sepius
888 4144 1020 4216 eadem
1051 4143 1187 4240 hyeme
1218 4141 1442 4216 collectione
