3084 5018
301 483 372 558 168
441 477 655 558 lllllNlllCl
684 476 963 554 CHRONICON
989 475 1242 550 LYVONIAE.

298 679 541 780 postmodum
554 674 651 752 Dani
671 679 894 778 colligentes
912 703 1074 778 corpora
1088 704 1232 774 eorum,
1252 689 1290 753 et
1310 703 1400 752 cum

297 781 402 854 luctu
429 779 623 877 sepulture
648 780 891 854 tradiderunt.
934 780 1117 854 Similiter
1142 790 1180 854 et
1197 780 1400 878 lligenses,
1429 871 1437 876 .

299 880 494 955 audientes
518 880 820 955 interfectionem
845 905 990 979 eorum,
1016 881 1161 964 luctum
1185 904 1302 978 super
1328 903 1400 954 eos

298 1006 386 1055 cum
411 981 555 1080 gemitu
575 980 705 1055 diebus
724 980 854 1054 multis
872 982 1096 1056 habuerunt.
1133 981 1250 1054 Erant
1268 992 1398 1055 autem

298 1082 584 1156 interfectorum
609 1083 690 1156 fere
710 1081 916 1180 quingenti,
944 1106 1105 1180 quorum
1123 1081 1234 1180 pauci
1253 1107 1323 1180 per
1340 1081 1399 1154 fu·
1488 1151 1499 1173 ,
1520 1151 1524 1158 .

327 1207 388 1256 am
407 1191 609 1257 evaserunt
626 1193 665 1256 et
681 1182 720 1254 in
733 1183 924 1256 Danorum
945 1193 1112 1256 castrum
1129 1192 1397 1280 pervenerunt

299 1209 424 1357 {eteri
443 1306 575 1356 omnes
601 1282 639 1355 in
659 1307 724 1357 ore
743 1283 858 1381 gladii
878 1293 1112 1379 corruerunt,
1140 1305 1300 1379 quorum
1319 1307 1399 1356 me·

247 1413 250 1419 ¹
298 1383 419 1456 moria
444 1383 483 1456 in
509 1381 770 1457 benedictione
796 1393 834 1457 et
860 1383 985 1457 anime
1005 1407 1138 1458 eorum
1155 1383 1399 1480 requiescant

299 1508 385 1558 cum
405 1482 565 1556 Christo.

240 1601 289 1686 (4,)
373 1582 584 1681 Episcopus
611 1606 700 1656 vero
718 1581 952 1678 Lyvonensis
979 1603 1086 1657 mare
1108 1584 1309 1678 transiens,
1334 1607 1400 1656 ve-

299 1683 354 1755 nit
380 1681 417 1755 in
440 1683 571 1756 Lubek
598 1693 636 1756 et
662 1683 825 1781 cognitis
851 1682 997 1755 insidiis
1020 1683 1121 1781 regis
1144 1683 1281 1780 Dacie,
1307 1681 1401 1756 fide·

299 1783 391 1856 lium
401 1807 557 1856 suorum
568 1783 776 1857 amicorum
787 1783 925 1857 auxilio
937 1783 1036 1856 clam
1046 1783 1161 1858 exivit
1175 1785 1221 1858 de
1232 1783 1398 1879 civitate,

301 1893 338 1958 et
356 1909 443 1957 cum
462 1883 704 1957 festinatione
717 1884 888 1982 pervenit
907 1883 944 1955 in
960 1884 1104 1958 curiam
1119 1883 1330 1957 Romanam
1348 1885 1398 1956 ad

300 2007 492 2058 summum
510 1982 762 2082 pontificem⁴,
789 1984 851 2080 qui
870 1983 1165 2057 misericorditer
1183 1995 1220 2058 et
1239 1995 1399 2083 paterne

300 2107 389 2156 suas
409 2085 596 2157 exaudivit
613 2083 825 2181 petitiones
873 2084 1049 2181 Misitque
1075 2109 1141 2162 rex
1165 2085 1281 2158 Dacie
1307 2110 1400 2157 nun-

300 2184 379 2256 cios
406 2207 496 2256 suos
516 2193 647 2257 contra
666 2209 764 2279 eum,
793 2183 956 2281 quinon
982 2186 1174 2257 modicum
1200 2187 1400 2284 negotium

300 2283 462 2358 ecclesie
487 2284 718 2380 Lyvonensis
742 2284 779 2356 in
808 2284 910 2357 curia
929 2285 1099 2358 Romana
1126 2285 1400 2382 disturbabant,

301 2394 340 2458 et
366 2383 437 2456 sibi
462 2384 587 2458 minus
605 2385 758 2466 {modico
777 2384 1034 2483 proficiebant.
1079 2385 1126 2457 Et
1145 2386 1235 2458 abiit
1253 2386 1400 2484 episco-

300 2508 372 2582 pus
398 2485 632 2581 Lyvonensis
660 2488 705 2558 ad
733 2485 999 2583 imperatorem
1026 2485 1276 2583 Friderieum,
1309 2497 1399 2559 tunc

300 2585 447 2659 noviter
473 2587 518 2658 ad
546 2585 746 2682 imperium
773 2586 1053 2679 sublimatuml,
1086 2609 1248 2683 querens
1276 2589 1322 2658 ab
1352 2611 1399 2660 eo

301 2685 502 2758 consilium
522 2697 561 2758 et
578 2685 771 2780 auxilium,
790 2695 869 2758 tam
888 2695 1019 2759 contra
1031 2687 1134 2784 regis
1149 2686 1265 2760 Dacie
1284 2711 1399 2784 quam

300 2785 560 2860 Ruthenorum
585 2785 665 2860 sive
692 2811 927 2884 paganorum
955 2786 1115 2859 aliorum
1141 2786 1400 2884 importunam

300 2886 594 2983 infestationem,
614 2910 658 2959 eo
679 2887 777 2983 quod
799 2886 966 2982 Lyvonia
986 2912 1072 2959 cum
1095 2887 1302 2986 provinciis
1321 2913 1401 2960 orn·

301 2985 412 3058 nibus
439 2986 647 3083 subiugatis
676 2987 721 3058 ad
752 2987 952 3084 imperium
985 3011 1136 3085 semper
1161 2989 1320 3062 haberet
1343 3013 1401 3062 re·

303 3096 484 3183 spectum.
529 3085 741 3183 Imperator
768 3111 856 3160 vero
885 3086 1044 3161 diversis
1074 3098 1111 3162 et
1138 3088 1224 3161 altis
1248 3088 1400 3187 imperii

301 3185 464 3283 negotiis
491 3195 716 3283 occupatuS,
751 3187 939 3260 modicam
964 3188 1142 3286 episcopo
1171 3188 1401 3263 consolatio·

302 3309 389 3358 nem
415 3285 615 3383 impendit,
647 3285 779 3383 quise
808 3297 948 3361 terram
976 3298 1148 3361 sanctam
1173 3288 1401 3363 ierosolimi-

302 3396 431 3459 tanam
457 3385 611 3459 visitare
629 3387 814 3485 promisit,
843 3398 880 3461 et
903 3387 990 3461 inde
1008 3388 1193 3462 sollicitus
1219 3389 1399 3468 auxilium

304 3485 482 3585 episeopo
509 3485 704 3584 subtraxit,
729 3512 890 3562 monens
917 3513 1004 3561 eum
1030 3499 1157 3563 tamen
1183 3500 1221 3564 et
1248 3492 1400 3586 docens,
1455 3572 1461 3582 ,

301 3587 458 3660 verbum
476 3587 581 3684 pacis
600 3597 637 3661 et
655 3587 819 3660 amicitie
842 3598 920 3660 tarn
940 3613 1025 3662 cum
1044 3588 1161 3662 Danis
1180 3614 1294 3687 quam
1314 3615 1400 3663 cum

302 3685 485 3760 Ruthenis
510 3688 662 3783 habere,
690 3687 810 3760 donec
828 3688 974 3762 novelle
996 3689 1219 3787 plantationi
1246 3689 1407 3764 firmum
1498 3711 1499 3718 ¹

302 3789 544 3885 postmodum
579 3787 934 3884 superedificaretur
970 3789 1169 3863 edificium.
1229 3790 1401 3888 Cumque

302 3888 449 3961 nullum
467 3889 668 3988 episcopus
686 3887 897 3986 perciperet
915 3889 1093 3963 solatium
1110 3903 1189 3964 tam
1209 3916 1232 3962 a
1249 3913 1400 3963 summo

301 3988 482 4088 pontifice
497 4013 609 4085 quarn
625 3991 670 4061 ab
684 3989 925 4088 imperatore,
940 3989 1051 4064 rediit
1064 3990 1399 4066 inThcuthoniam.

304 4187 332 4262 ⁴)
350 4185 503 4243 Honorium
523 4187 573 4245 lll.
648 4189 674 4262 5)
698 4189 775 4244 1220.
795 4187 863 4244 Nov.
881 4141 926 4244 bl.
