3084 5018
309 504 521 579 HEINRlCl
549 503 827 579 CHRONlCON
852 503 1103 580 LYVONlAll.
1180 510 1262 582 173Ι

148 732 287 782 eorum
306 706 492 805 malignis.
528 705 576 778 Et
588 707 776 806 duplicem
795 732 951 782 censum
968 708 1029 781 vel
1047 707 1248 806 triplicem,
1368 778 1375 788 ,

150 833 266 907 quem
287 817 373 881 ante
392 810 481 882 dare
500 808 684 903 solebant,
710 807 973 907 imposuerunt
996 807 1163 906 reliquiS,
1191 831 1249 881 sa·

151 909 462 1006 tisfactionesque
482 908 620 981 multas
648 918 686 983 et
703 933 838 1007 graves
864 920 1091 1008 acceperunt
1109 911 1155 982 ab
1180 909 1245 983 eis.

151 1011 258 1084 Unde
283 1011 405 1082 maius
440 1011 567 1083 odium
599 1009 760 1083 llstoues
786 1021 916 1083 contra
950 1011 1079 1085 Dauos
1106 1011 1246 1084 habere

151 1121 334 1211 ceperunt
362 1122 398 1184 et
416 1111 570 1184 dolosas
588 1111 774 1184 malorum
793 1111 1034 1184 consiliorum
1054 1110 1247 1184 machina·

152 1213 274 1285 tiones
294 1236 444 1311 semper
463 1213 669 1308 querebant
687 1223 819 1284 contra
842 1236 920 1310 ece,
948 1211 979 1284 si
999 1212 1159 1309 qualiter
1177 1235 1243 1286 eos

149 1314 198 1388 de
216 1313 353 1386 linibus
372 1312 451 1385 suis
471 1313 659 1411 expellere
677 1313 858 1387 valerent.

224 1517 355 1587 Annus
374 1523 454 1588 erat
472 1513 767 1587 consecrationis
785 1513 961 1586 antistitis
979 1512 1120 1587 Alberti
1140 1515 1198 1588 23.
1251 1509 1370 1597 (XXV)
1424 1597 1427 1612 Ι

302 1615 349 1687 Et
366 1615 469 1687 siluit
484 1615 615 1712 paucis
634 1614 828 1710 Lyvonum
846 1625 948 1689 terra
966 1607 1107 1688 diebus.
1253 1595 1332 1654 ¹²²¹·

225 1717 398 1789 Abeunte
429 1716 554 1812 itaque
586 1714 725 1789 comite
755 1716 926 1815 Adolpho
953 1717 999 1789 de
1025 1712 1214 1789 Dasless
1205 1741 1242 1786 m

146 1815 385 1914 'leutoniam⁷
412 1816 521 1890 rediit
546 1815 684 1890 iterum
711 1817 878 1913 prefatus
897 1815 1121 1889 venerabilis
1150 1815 1244 1888 auti-

149 1928 228 1990 stes
243 1916 416 2015 Rigensis
435 1942 521 1990 cum
541 1917 624 1989 aliis
638 1916 860 2016 peregrinis,
879 1917 967 1990 licet
984 1917 1127 2014 paucis7
1146 1915 1243 1990 inter

150 2036 246 2114 quos
264 2028 346 2091 erat
369 2017 472 2090 Bodo
492 2020 538 2092 de
556 2016 820 2114 llomborch¹⁵,
847 2018 961 2090 homo
980 2017 1128 2114 nobilis,
1156 2042 1243 2090 cum

150 2117 235 2190 aliis
262 2117 441 2192 militibus
461 2130 498 2193 et
516 2117 679 2213 clericis3
706 2118 804 2192 etin
830 2118 1046 2192 reversione
1074 2117 1243 2192 eiusdem

146 2218 317 2318 episcopi
345 2230 603 2318 cognoverunt
627 2218 823 2318 Rigenses,
842 2221 953 2317 quod
979 2220 1116 2293 tradita
1142 2229 1244 2302 esset

148 2344 225 2392 non
242 2329 387 2392 tantum
403 2319 596 2418 llsthonia7
615 2343 745 2394 verum
766 2321 885 2394 eciam
899 2320 1066 2416 Lyvonia
1083 2321 1119 2392 in
1138 2330 1243 2418 pote·

148 2431 287 2494 statem
306 2421 406 2520 regis
426 2421 552 2505 Dacie.
589 2421 636 2493 Et
650 2421 859 2494 conturbati
874 2431 961 2494 sunt
975 2445 1106 2494 omnes
1120 2421 1242 2517 valde,

149 2522 339 2619 simulque
353 2545 483 2596 omues
503 2547 576 2595 uno
592 2547 657 2596 ore
676 2521 992 2618 contradixerunt,
1010 2531 1089 2593 tam
1107 2521 1243 2619 prelati

148 2634 400 2698 conventuum
420 2647 533 2720 quarn
551 2623 621 2696 viri
640 2622 802 2697 ecclesie
821 2633 858 2696 et
877 2623 977 2696 cives
997 2632 1035 2696 et
1060 2632 1242 2695 mercato·

147 2747 209 2797 res
238 2734 275 2798 et
292 2723 464 2837 Lyyones
483 2735 521 2798 et
538 2723 647 2821 Leni,
666 2722 832 2797 dicentes
851 2747 892 2796 se
912 2725 957 2797 ad
977 2723 1158 2796 honorem
1179 2723 1243 2794 do·

147 2825 238 2896 mini
270 2835 356 2897 nost
358 2825 388 2898 ri
341 2825 504 2899 tlesu
536 2824 673 2898 Christi
705 2848 846 2922 sueque
877 2823 1012 2898 dilecte
1038 2822 1240 2921 genetricis

147 2925 331 2998 hactenus
350 2925 466 3024 prelia
494 2925 645 2998 Domini
663 2925 815 3025 preliari
843 2936 972 2998 contra
995 2948 1174 3039 paganoS,
1202 2933 1240 2998 et

146 3051 222 3098 non
240 3026 279 3098 iu
293 3027 477 3101 bonorem
490 3027 592 3125 regis
606 3026 735 3124 Dacie,
752 3027 950 3141 magisque
963 3037 1103 3099 terram
1117 3024 1239 3125 ipsam

145 3150 189 3201 se
207 3128 305 3201 velle
324 3127 594 3242 derelinquere,
619 3153 730 3225 quam
750 3153 831 3228 regi
823 3127 1018 3241 predicto
1039 3126 1238 3201 deservire.

146 3228 194 3301 Et
211 3228 382 3326 pervenit
395 3232 551 3303 verbum
566 3229 636 3302 hoc
655 3229 700 3303 ad
720 3253 830 3303 aures
843 3228 1115 3343 archiepiscopi
1129 3255 1241 3303 vene·

146 3329 287 3402 rabilis·
303 3329 510 3403 Lundensis
537 3330 713 3426 ecclesie,
745 3330 805 3427 qui
831 3329 991 3404 luerat
980 3355 1019 3402 rn
1047 3330 1240 3404 obsidione

144 3429 262 3505 castri
292 3430 509 3504 Revelensis
540 3455 775 3529 paganorum
814 3429 1133 3542 persecutionibus
1164 3455 1239 3503 non

146 3532 338 3606 modicum
357 3531 603 3626 examinatus²
623 3542 661 3604 et
679 3530 857 3629 cognovit
874 3555 915 3604 se
936 3530 1158 3629 lligensium
1176 3531 1240 3603 ad·

145 3631 284 3707 iutorio
316 3633 521 3730 plurimum
550 3632 737 3746 indigere,
769 3630 945 3729 misitque
976 3631 1132 3704 nuncios
1165 3631 1240 3730 epi·
1288 3675 1293 3688 ·

146 3757 264 3832 scopo
284 3733 448 3831 lligensi‚
466 3733 589 3831 promi
591 3744 689 3806 ttens
709 3757 750 3806 se
764 3732 994 3828 Lyvoniam
985 3758 1022 3804 rn
1041 3732 1238 3832 pristinam

145 3833 327 3909 reducere
351 3834 572 3908 libertatem.
622 3834 669 3907 Et
695 3832 784 3906 abiit
808 3834 1015 3948 episcopus·
1034 3833 1132 3907 idem
1152 3858 1239 3907 cum

147 3934 330 4033 magistro
346 3935 483 4008 milicie
503 3946 640 4009 etcum
653 3934 743 4009 viris
759 3934 837 4007 suis
852 3936 898 4008 ad
914 3933 1239 4035 archiepiscopum
1284 4011 1287 4020 ,

145 4039 309 4110 eundem
331 4037 370 4109 in
397 4037 546 4134 Revela
575 4047 612 4110 et
636 4047 862 4136 acceperunt
886 4036 1182 4111 consolationem
1202 4047 1241 4111 et

80 4193 83 4208 Ι
147 4235 191 4308 14)
211 4235 308 4293 Dasscl
327 4238 397 4293 iuter
408 4237 541 4293 Eimbeclr
555 4248 581 4295 et
593 4237 705 4295 llbxler.
782 4237 824 4308 15)
844 4235 987 4308 Homburg
999 4255 1083 4309 prope
1096 4237 1238 4294 Eiurbeclr.

981 4345 1024 4414 13
1239 4339 1240 4343 “
