3016 5016
315 459 366 538 ³4
466 455 680 532 HElNlllCl
707 453 985 532 CHRONlCON
1011 451 1263 530 LYVONIAE.

292 659 514 752 'hactenus
530 655 568 730 in
595 655 763 754 Lysonia
788 655 957 756 gloriose
986 655 1240 756 contigerunt,
1277 678 1350 726 non
1379 651 1418 726 in

316 755 535 833 fortitudine
560 758 768 832 multorum
794 758 861 833 sed
887 782 956 858 per
982 780 1123 872 paucos
1142 755 1245 830 Deus
1264 777 1420 854 semper

316 867 494 958 operatus
530 869 608 957 est,
648 859 746 932 unde
784 883 852 958 pro
884 857 1085 958 multiplici
1115 853 1274 930 victoria
1305 857 1420 932 bene·

317 959 438 1033 dictus
466 957 515 1034 sit
533 959 636 1033 Deus
665 959 703 1034 in
729 957 869 1034 secula.
906 958 996 1033 Erat
1018 959 1153 1034 eodem
1171 968 1344 1057 tempore
1363 956 1420 1030 fn·

316 1071 400 1134 'mes
415 1070 453 1136 et
465 1059 625 1158 penuria
639 1058 865 1144 cibariorum
879 1059 917 1134 in
933 1059 1083 1134 civitate
1097 1082 1249 1156 magna⁷
1264 1065 1302 1132 et
1316 1055 1420 1130 misit

317 1159 420 1238 Deus
439 1161 676 1238 sacerdotem
702 1161 889 1260 quendam
914 1159 1096 1260 episcopi,
1127 1157 1337 1254 Danielem,
1371 1157 1418 1232 de

317 1260 545 1339 Gothlandia
563 1286 648 1336 cum
663 1263 808 1337 duobus
824 1259 1098 1360 coggonibus⁸⁶
1115 1257 1281 1359 impletis
1297 1281 1420 1355 usque

317 1362 365 1436 ad
395 1385 587 1437 summum
620 1386 771 1436 annona
798 1373 835 1437 et
866 1361 1065 1455 similibus,
1096 1385 1169 1458 que
1198 1358 1418 1434 necessaria

319 1471 438 1536 erant.
474 1461 644 1536 Eundem
658 1460 856 1536 Danielem
874 1460 977 1536 misit
994 1461 1195 1560 episcopus
1211 1485 1297 1536 cum
1316 1459 1421 1557 dapi-

317 1563 399 1636 fero
418 1585 488 1636 suo
508 1561 731 1638 Gerehardo
750 1572 789 1639 et
807 1562 1010 1637 balistariis
1029 1571 1067 1636 et
1091 1560 1175 1634 aliis
1193 1559 1420 1662 quibusdam

343 1686 573 1762 reoccupare
592 1674 769 1738 castrum·
776 1663 986 1762 predictum
1005 1663 1154 1760 Holme,
1172 1687 1219 1738 ne
1238 1661 1418 1760 deinceps

317 1688 490 1859 lyvones
504 1762 698 1838 Ruthenos
717 1773 939 1864 etpaganos
954 1772 1207 1842 convocantes
1223 1787 1420 1861 opponere

319 1885 361 1938 se
378 1864 530 1938 valeant
549 1863 773 1940 christianis.
810 1863 988 1940 Seniores
1007 1875 1132 1939 autem
1152 1861 1419 1937 Holmensium

319 1963 521 2078 episcopus
548 1975 682 2065 postea
709 1989 841 2040 secum
868 1964 970 2040 ducit
997 1965 1041 2038 in¹
1058 1963 1348 2059 Theuthoniam‚
1376 1973 1421 2036 ut

317 2065 488 2140 videntes
507 2075 545 2140 et
572 2065 766 2140 audientes
792 2066 931 2141 ibidem
949 2064 1241 2140 christianorum
1260 2087 1422 2138 consue·

317 2164 467 2339 ppdines
495 2165 640 2240 discant
664 2167 745 2240 fieri
769 2167 913 2266 fideles,
941 2167 1002 2265 qui
1021 2189 1173 2266 semper
1195 2166 1346 2240 fuerunt
1363 2164 1420 2238 in·

347 2267 463 2340 deles.

239 2361 310 2445 (lo.)
395 2367 482 2451 Post
499 2367 571 2441 hec
589 2365 784 2466 lligenses,
805 2366 1181 2445 memores‘omnium
1194 2363 1420 2440 iniuriarum

321 2493 342 2541 a
360 2467 664 2543 Thoredensibus
684 2467 806 2542 adhuc
820 2467 979 2568 paganis
998 2467 1068 2541 sibi
1087 2468 1279 2541 illatarum
1298 2478 1335 2540 et
1354 2491 1421 2565 pa·

320 2567 374 2644 cis
400 2567 528 2667 sepius
553 2568 772 2668 interrupte,
799 2579 1009 2643 convocant
1034 2567 1138 2644 Semi
1168 2568 1264 2642 allos
1283 2566 1355 2639 sibi
1380 2565 1420 2639 in

320 2667 548 2744 adiutorium
575 2669 821 2744 in'ultionem
847 2669 1098 2764 inimicorum.
1141 2595 1265 2743 llrant
1289 2679 1420 2741 autem

319 2768 518 2868 Semigalli
545 2768 766 2844 inimicicias
793 2794 944 2869 semper
970 2771 1153 2844 habentes
1172 2779 1304 2843 contra
1321 2768 1420 2842 Tho·

319 2871 511 2966 redenseS,
540 2880 577 2944 et
595 2869 717 2969 gavisi
744 2881 831 2944 sunt
859 2881 896 2944 et
913 2881 1097 2945 venerunt
1121 2895 1207 2945 cum
1234 2869 1418 2944 Vestardo

320 2968 489 3068 principe
513 2994 582 3046 suo
610 2970 758 3046 circiter
784 2971 855 3046 tria
877 2970 982 3045 milia
1009 2971 1176 3044 virorum
1202 2969 1242 3043 in
1268 2968 1420 3044 obviam

319 3069 554 3168 uigensibus.
599 3071 646 3144 Et
672 3073 919 3170 procedentes
947 3073 993 3145 ad
1022 3069 1223 3146 Coiwam⁸⁶
1250 3070 1421 3145 dividunt

320 3167 527 3246 exercitum
554 3194 665 3244 suum
694 3182 732 3246 et
757 3174 909 3246 tradunt
934 3171 1124 3270 Cauponi⁷
1155 3171 1217 3271 qui
1244 3171 1421 3245 duxerat

321 3269 519 3367 exercitus,
539 3271 798 3368 medietatem3
825 3298 912 3346 nam
931 3273 1025 3372 ipse,
1045 3282 1245 3372 postquam
1261 3297 1282 3347 a
1297 3271 1420 3346 Roma

320 3369 441 3466 rediit,
458 3371 705 3448 fidelissimus
722 3373 845 3447 factus
864 3385 933 3471 est,
960 3383 997 3447 et
1014 3385 1171 3473 propter
1187 3371 1421 3473 persecutio·

300 3495 409 3577 ¹nem
426 3471 622 3567 Lysonum
646 3472 684 3545 in
709 3473 900 3550 civitatem
925 3475 1088 3574 fugerat7
1116 3485 1154 3548 et
1172 3473 1311 3547 mansit
1329 3497 1420 3546 cum

321 3571 535 3646 christianis
555 3574 634 3647 fere
652 3598 720 3672 per
737 3584 859 3648 totum
878 3599 1019 3648 annum
1039 3574 1158 3648 illum.
1198 3573 1322 3649 Aliam
1337 3599 1422 3652 me·

321 3671 500 3748 dietatem
525 3671 711 3748 exercitus
735 3673 901 3773 dirigunt
918 3675 956 3748 in
973 3685 1122 3774 partem
1149 3675 1334 3750 Dobrelis.
1372 3673 1422 3748 Et

320 3771 398 3847 ibat
416 3771 544 3872 Caupo
562 3798 648 3848 cum
674 3773 841 3850 exercitu
859 3799 928 3849 suo
947 3800 1080 3850 versus
1109 3786 1276 3850 castrum
1294 3799 1424 3872 suum,

320 3871 359 3946 in
378 3896 451 3970 quo
471 3883 578 3949 erant
597 3876 747 3975 cognati
776 3875 951 3950 et.amici
970 3875 1029 3949 sui
1055 3876 1176 3950 adhuc
1201 3877 1353 3976 pagani,
1379 3887 1423 3950 et

320 3971 489 4048 videntes
504 3974 711 4050 exercitum
725 3975 848 4050 subito
864 3987 961 4052 etex
975 3977 1396 4076 improvisovenienten

319 4179 402 4274 filli.
418 4201 446 4245 e.
467 4185 579 4240 naribus
600 4185 741 4254 onerariis.
816 4183 862 4257 86)
882 4186 927 4240 die
946 4184 1135 4242 Livlsndische
1154 4183 1205 4242 Aa.
