<?xml version="1.0" encoding="UTF-8"?>
<!DOCTYPE html PUBLIC "-//W3C//DTD XHTML 1.0 Transitional//EN"
    "http://www.w3.org/TR/xhtml1/DTD/xhtml1-transitional.dtd">
<html xmlns="http://www.w3.org/1999/xhtml" xml:lang="en" lang="en">
 <head>
  <title>
</title>
<meta http-equiv="Content-Type" content="text/html;charset=utf-8" />
  <meta name='ocr-system' content='tesseract 3.04.00' />
  <meta name='ocr-capabilities' content='ocr_page ocr_carea ocr_par ocr_line ocrx_word'/>
</head>
<body>
  <div class='ocr_page' id='page_1' title='image "./heinricichronic00arndgoog_0226.png"; bbox 0 0 3084 5018; ppageno 0'>
   <div class='ocr_carea' id='block_1_1' title="bbox 317 425 1250 564">
    <p class='ocr_par' dir='ltr' id='par_1_1' title="bbox 317 425 1250 564">
     <span class='ocr_line' id='line_1_1' title="bbox 317 425 1250 564; baseline -0.002 -1"><span class='ocrx_word' id='word_1_1' title='bbox 317 425 386 563; x_wconf 73' lang='lat' dir='ltr'><strong>lea</strong></span> <span class='ocrx_word' id='word_1_2' title='bbox 455 485 668 559; x_wconf 83' lang='lat' dir='ltr'><strong>HElNlllCl</strong></span> <span class='ocrx_word' id='word_1_3' title='bbox 695 485 971 560; x_wconf 85' lang='lat' dir='ltr'><strong>CHRONICON</strong></span> <span class='ocrx_word' id='word_1_4' title='bbox 997 487 1250 564; x_wconf 85' lang='lat' dir='ltr'><strong>LYVONIAE.</strong></span> 
     </span>
    </p>
   </div>
   <div class='ocr_carea' id='block_1_2' title="bbox 219 686 1530 4084">
    <p class='ocr_par' dir='ltr' id='par_1_2' title="bbox 219 686 1406 888">
     <span class='ocr_line' id='line_1_2' title="bbox 313 686 1406 786; baseline 0.004 -28"><span class='ocrx_word' id='word_1_5' title='bbox 313 687 441 784; x_wconf 89' lang='lat' dir='ltr'><strong>ipsius.</strong></span> <span class='ocrx_word' id='word_1_6' title='bbox 492 686 539 757; x_wconf 83' lang='lat' dir='ltr'><strong>Et</strong></span> <span class='ocrx_word' id='word_1_7' title='bbox 564 687 705 784; x_wconf 92' lang='lat' dir='ltr'><strong>plaouit</strong></span> <span class='ocrx_word' id='word_1_8' title='bbox 728 687 810 786; x_wconf 86' lang='lat' dir='ltr'><strong>regi</strong></span> <span class='ocrx_word' id='word_1_9' title='bbox 835 698 876 760; x_wconf 91' lang='lat' dir='ltr'><strong>ut</strong></span> <span class='ocrx_word' id='word_1_10' title='bbox 900 688 972 762; x_wconf 87' lang='lat' dir='ltr'><strong>iret</strong></span> <span class='ocrx_word' id='word_1_11' title='bbox 995 687 1032 760; x_wconf 97' lang='lat' dir='ltr'><strong>in</strong></span> <span class='ocrx_word' id='word_1_12' title='bbox 1050 689 1269 786; x_wconf 84' lang='lat' dir='ltr'><strong>Lyvoniam,</strong></span> <span class='ocrx_word' id='word_1_13' title='bbox 1298 691 1406 762; x_wconf 87' lang='lat' dir='ltr'><strong>etde</strong></span> 
     </span>
     <span class='ocr_line' id='line_1_3' title="bbox 219 785 1405 888; baseline 0.003 -31"><span class='ocrx_word' id='word_1_14' title='bbox 219 851 225 875; x_wconf 60' lang='lat'><strong>,</strong></span> <span class='ocrx_word' id='word_1_15' title='bbox 311 786 478 880; x_wconf 85' lang='lat' dir='ltr'><strong>Lyvonia</strong></span> <span class='ocrx_word' id='word_1_16' title='bbox 505 785 550 858; x_wconf 89' lang='lat' dir='ltr'><strong>ad</strong></span> <span class='ocrx_word' id='word_1_17' title='bbox 577 786 771 860; x_wconf 88' lang='lat' dir='ltr'><strong>Estoniam</strong></span> <span class='ocrx_word' id='word_1_18' title='bbox 796 789 832 860; x_wconf 91' lang='lat' dir='ltr'><strong>in</strong></span> <span class='ocrx_word' id='word_1_19' title='bbox 861 788 1123 887; x_wconf 89' lang='lat' dir='ltr'><strong>episcopatum</strong></span> <span class='ocrx_word' id='word_1_20' title='bbox 1148 789 1277 888; x_wconf 90' lang='lat' dir='ltr'><strong>ipsius.</strong></span> <span class='ocrx_word' id='word_1_21' title='bbox 1331 789 1405 876; x_wconf 81' lang='lat' dir='ltr'><strong>Qui</strong></span> 
     </span>
    </p>

    <p class='ocr_par' dir='ltr' id='par_1_3' title="bbox 310 885 1530 1574">
     <span class='ocr_line' id='line_1_4' title="bbox 313 885 1404 988; baseline 0.002 -30"><span class='ocrx_word' id='word_1_22' title='bbox 313 911 398 958; x_wconf 90' lang='lat' dir='ltr'><strong>curn</strong></span> <span class='ocrx_word' id='word_1_23' title='bbox 417 885 609 962; x_wconf 85' lang='lat' dir='ltr'><strong>venissent</strong></span> <span class='ocrx_word' id='word_1_24' title='bbox 625 887 664 958; x_wconf 89' lang='lat' dir='ltr'><strong>in</strong></span> <span class='ocrx_word' id='word_1_25' title='bbox 680 887 825 985; x_wconf 77' lang='lat' dir='ltr'><strong>Rigam,</strong></span> <span class='ocrx_word' id='word_1_26' title='bbox 843 912 930 961; x_wconf 91' lang='lat' dir='ltr'><strong>cum</strong></span> <span class='ocrx_word' id='word_1_27' title='bbox 948 890 1087 986; x_wconf 89' lang='lat' dir='ltr'><strong>gaudio</strong></span> <span class='ocrx_word' id='word_1_28' title='bbox 1105 915 1245 988; x_wconf 89' lang='lat' dir='ltr'><strong>magno</strong></span> <span class='ocrx_word' id='word_1_29' title='bbox 1260 889 1404 987; x_wconf 84' lang='lat' dir='ltr'>recepti</span> 
     </span>
     <span class='ocr_line' id='line_1_5' title="bbox 313 985 1404 1087; baseline 0 -27"><span class='ocrx_word' id='word_1_30' title='bbox 313 996 447 1060; x_wconf 85' lang='lat' dir='ltr'><strong>sunta</strong></span> <span class='ocrx_word' id='word_1_31' title='bbox 474 985 698 1085; x_wconf 84' lang='lat' dir='ltr'><strong>lligensibus</strong></span> <span class='ocrx_word' id='word_1_32' title='bbox 725 997 763 1060; x_wconf 93' lang='lat' dir='ltr'><strong>et</strong></span> <span class='ocrx_word' id='word_1_33' title='bbox 788 989 834 1059; x_wconf 91' lang='lat' dir='ltr'><strong>ab</strong></span> <span class='ocrx_word' id='word_1_34' title='bbox 863 988 1066 1087; x_wconf 85' lang='lat' dir='ltr'><strong>universis,</strong></span> <span class='ocrx_word' id='word_1_35' title='bbox 1102 990 1164 1086; x_wconf 90' lang='lat' dir='ltr'><strong>qui</strong></span> <span class='ocrx_word' id='word_1_36' title='bbox 1188 991 1344 1063; x_wconf 86' lang='lat' dir='ltr'><strong>fuerunt</strong></span> <span class='ocrx_word' id='word_1_37' title='bbox 1365 989 1404 1060; x_wconf 92' lang='lat' dir='ltr'><strong>in</strong></span> 
     </span>
     <span class='ocr_line' id='line_1_6' title="bbox 311 1086 1406 1186; baseline 0 -26"><span class='ocrx_word' id='word_1_38' title='bbox 311 1086 495 1182; x_wconf 89' lang='lat' dir='ltr'><strong>Lyvonia,</strong></span> <span class='ocrx_word' id='word_1_39' title='bbox 529 1097 568 1160; x_wconf 92' lang='lat' dir='ltr'><strong>et</strong></span> <span class='ocrx_word' id='word_1_40' title='bbox 591 1088 877 1186; x_wconf 77' lang='lat' dir='ltr'><strong>congaudebant</strong></span> <span class='ocrx_word' id='word_1_41' title='bbox 898 1111 1042 1186; x_wconf 79' lang='lat' dir='ltr'><strong>omneS,</strong></span> <span class='ocrx_word' id='word_1_42' title='bbox 1075 1099 1114 1162; x_wconf 88' lang='lat' dir='ltr'><strong>et</strong></span> <span class='ocrx_word' id='word_1_43' title='bbox 1139 1089 1406 1163; x_wconf 88' lang='lat' dir='ltr'><strong>collaudabant</strong></span> 
     </span>
     <span class='ocr_line' id='line_1_7' title="bbox 312 1185 1404 1287; baseline 0.002 -29"><span class='ocrx_word' id='word_1_44' title='bbox 312 1185 446 1283; x_wconf 89' lang='lat' dir='ltr'><strong>Deum,</strong></span> <span class='ocrx_word' id='word_1_45' title='bbox 474 1212 519 1260; x_wconf 87' lang='lat' dir='ltr'><strong>eo</strong></span> <span class='ocrx_word' id='word_1_46' title='bbox 547 1187 646 1284; x_wconf 91' lang='lat' dir='ltr'><strong>quod</strong></span> <span class='ocrx_word' id='word_1_47' title='bbox 671 1197 758 1286; x_wconf 92' lang='lat' dir='ltr'><strong>post</strong></span> <span class='ocrx_word' id='word_1_48' title='bbox 782 1188 883 1259; x_wconf 88' lang='lat' dir='ltr'><strong>mala</strong></span> <span class='ocrx_word' id='word_1_49' title='bbox 908 1188 1070 1287; x_wconf 85' lang='lat' dir='ltr'><strong>plurima</strong></span> <span class='ocrx_word' id='word_1_50' title='bbox 1097 1199 1136 1262; x_wconf 91' lang='lat' dir='ltr'><strong>et</strong></span> <span class='ocrx_word' id='word_1_51' title='bbox 1160 1189 1258 1262; x_wconf 88' lang='lat' dir='ltr'><strong>bella</strong></span> <span class='ocrx_word' id='word_1_52' title='bbox 1279 1187 1404 1261; x_wconf 86' lang='lat' dir='ltr'><strong>tristia</strong></span> 
     </span>
     <span class='ocr_line' id='line_1_8' title="bbox 310 1286 1404 1386; baseline 0.004 -28"><span class='ocrx_word' id='word_1_53' title='bbox 310 1286 445 1359; x_wconf 90' lang='lat' dir='ltr'><strong>iterum</strong></span> <span class='ocrx_word' id='word_1_54' title='bbox 465 1296 677 1386; x_wconf 86' lang='lat' dir='ltr'><strong>expugnata</strong></span> <span class='ocrx_word' id='word_1_55' title='bbox 696 1296 754 1360; x_wconf 91' lang='lat' dir='ltr'><strong>est</strong></span> <span class='ocrx_word' id='word_1_56' title='bbox 772 1297 811 1360; x_wconf 91' lang='lat' dir='ltr'><strong>et</strong></span> <span class='ocrx_word' id='word_1_57' title='bbox 833 1288 1012 1384; x_wconf 85' lang='lat' dir='ltr'><strong>requisita</strong></span> <span class='ocrx_word' id='word_1_58' title='bbox 1038 1289 1118 1364; x_wconf 85' lang='lat' dir='ltr'><strong>fere</strong></span> <span class='ocrx_word' id='word_1_59' title='bbox 1136 1299 1216 1361; x_wconf 91' lang='lat' dir='ltr'><strong>tota</strong></span> <span class='ocrx_word' id='word_1_60' title='bbox 1234 1288 1404 1378; x_wconf 81' lang='lat' dir='ltr'><strong>Estonia,</strong></span> 
     </span>
     <span class='ocr_line' id='line_1_9' title="bbox 310 1386 1406 1486; baseline 0.002 -29"><span class='ocrx_word' id='word_1_61' title='bbox 310 1397 438 1484; x_wconf 87' lang='lat' dir='ltr'><strong>preter</strong></span> <span class='ocrx_word' id='word_1_62' title='bbox 456 1411 572 1460; x_wconf 90' lang='lat' dir='ltr'><strong>unum</strong></span> <span class='ocrx_word' id='word_1_63' title='bbox 590 1397 759 1459; x_wconf 83' lang='lat' dir='ltr'><strong>castrum</strong></span> <span class='ocrx_word' id='word_1_64' title='bbox 771 1386 1015 1485; x_wconf 85' lang='lat' dir='ltr'><strong>Darbatense,</strong></span> <span class='ocrx_word' id='word_1_65' title='bbox 1034 1390 1081 1463; x_wconf 93' lang='lat' dir='ltr'><strong>de</strong></span> <span class='ocrx_word' id='word_1_66' title='bbox 1094 1414 1168 1486; x_wconf 89' lang='lat' dir='ltr'><strong>quo</strong></span> <span class='ocrx_word' id='word_1_67' title='bbox 1182 1390 1406 1463; x_wconf 83' lang='lat' dir='ltr'><strong>remanebat</strong></span> 
     </span>
     <span class='ocr_line' id='line_1_10' title="bbox 311 1485 1530 1574; baseline 0.004 -17"><span class='ocrx_word' id='word_1_68' title='bbox 311 1485 402 1558; x_wconf 93' lang='lat' dir='ltr'><strong>ultio</strong></span> <span class='ocrx_word' id='word_1_69' title='bbox 421 1486 554 1559; x_wconf 89' lang='lat' dir='ltr'><strong>divina.</strong></span> <span class='ocrx_word' id='word_1_70' title='bbox 902 1503 905 1508; x_wconf 84' lang='grc'><em>“</em></span> <span class='ocrx_word' id='word_1_71' title='bbox 1528 1569 1530 1574; x_wconf 60' lang='grc'>,</span> 
     </span>
    </p>

    <p class='ocr_par' dir='ltr' id='par_1_4' title="bbox 251 1577 1530 3256">
     <span class='ocr_line' id='line_1_11' title="bbox 251 1586 1530 1687; baseline 0.002 -29"><span class='ocrx_word' id='word_1_72' title='bbox 251 1593 301 1678; x_wconf 79' lang='lat' dir='ltr'><strong>(t.)</strong></span> <span class='ocrx_word' id='word_1_73' title='bbox 393 1586 440 1657; x_wconf 86' lang='lat' dir='ltr'><strong>Et</strong></span> <span class='ocrx_word' id='word_1_74' title='bbox 474 1596 728 1659; x_wconf 89' lang='lat' dir='ltr'><strong>convenerunt</strong></span> <span class='ocrx_word' id='word_1_75' title='bbox 761 1588 900 1661; x_wconf 86' lang='lat' dir='ltr'><strong>fratres</strong></span> <span class='ocrx_word' id='word_1_76' title='bbox 929 1587 1061 1662; x_wconf 91' lang='lat' dir='ltr'><strong>militie</strong></span> <span class='ocrx_word' id='word_1_77' title='bbox 1094 1613 1181 1661; x_wconf 94' lang='lat' dir='ltr'><strong>cum</strong></span> <span class='ocrx_word' id='word_1_78' title='bbox 1214 1587 1404 1687; x_wconf 86' lang='lat' dir='ltr'><strong>episcopis</strong></span> <span class='ocrx_word' id='word_1_79' title='bbox 1527 1603 1530 1632; x_wconf 78' lang='lat'><strong>⁴</strong></span> 
     </span>
     <span class='ocr_line' id='line_1_12' title="bbox 311 1683 1402 1788; baseline 0.002 -30"><span class='ocrx_word' id='word_1_80' title='bbox 311 1683 453 1759; x_wconf 88' lang='lat' dir='ltr'><strong>eisdem</strong></span> <span class='ocrx_word' id='word_1_81' title='bbox 482 1695 520 1760; x_wconf 88' lang='lat' dir='ltr'><strong>et</strong></span> <span class='ocrx_word' id='word_1_82' title='bbox 535 1685 624 1758; x_wconf 89' lang='lat' dir='ltr'><strong>viris</strong></span> <span class='ocrx_word' id='word_1_83' title='bbox 644 1686 815 1781; x_wconf 75' lang='lat' dir='ltr'>ecclesie,</span> <span class='ocrx_word' id='word_1_84' title='bbox 843 1697 880 1760; x_wconf 87' lang='lat' dir='ltr'><strong>et</strong></span> <span class='ocrx_word' id='word_1_85' title='bbox 898 1711 985 1760; x_wconf 87' lang='lat' dir='ltr'><strong>cum</strong></span> <span class='ocrx_word' id='word_1_86' title='bbox 1003 1687 1228 1788; x_wconf 83' lang='lat' dir='ltr'><strong>lligensibus</strong></span> <span class='ocrx_word' id='word_1_87' title='bbox 1256 1688 1402 1762; x_wconf 88' lang='lat' dir='ltr'><strong>cunctis</strong></span> 
     </span>
     <span class='ocr_line' id='line_1_13' title="bbox 310 1785 1404 1887; baseline 0.002 -31"><span class='ocrx_word' id='word_1_88' title='bbox 310 1809 426 1882; x_wconf 90' lang='lat' dir='ltr'><strong>super</strong></span> <span class='ocrx_word' id='word_1_89' title='bbox 443 1785 623 1859; x_wconf 89' lang='lat' dir='ltr'><strong>divisione</strong></span> <span class='ocrx_word' id='word_1_90' title='bbox 642 1785 916 1884; x_wconf 88' lang='lat' dir='ltr'><strong>provinciarum</strong></span> <span class='ocrx_word' id='word_1_91' title='bbox 935 1787 1089 1862; x_wconf 85' lang='lat' dir='ltr'><strong>Estonie</strong></span> <span class='ocrx_word' id='word_1_92' title='bbox 1107 1788 1152 1862; x_wconf 91' lang='lat' dir='ltr'><strong>ad</strong></span> <span class='ocrx_word' id='word_1_93' title='bbox 1167 1787 1301 1887; x_wconf 87' lang='lat' dir='ltr'><strong>Rigarn</strong></span> <span class='ocrx_word' id='word_1_94' title='bbox 1319 1812 1404 1886; x_wconf 88' lang='lat' dir='ltr'><strong>per·</strong></span> 
     </span>
     <span class='ocr_line' id='line_1_14' title="bbox 310 1884 1530 1988; baseline 0.004 -32"><span class='ocrx_word' id='word_1_95' title='bbox 310 1884 518 1958; x_wconf 90' lang='lat' dir='ltr'><strong>tinentium.</strong></span> <span class='ocrx_word' id='word_1_96' title='bbox 564 1885 610 1958; x_wconf 85' lang='lat' dir='ltr'><strong>Et</strong></span> <span class='ocrx_word' id='word_1_97' title='bbox 633 1886 816 1960; x_wconf 91' lang='lat' dir='ltr'><strong>dederunt</strong></span> <span class='ocrx_word' id='word_1_98' title='bbox 839 1887 1017 1986; x_wconf 90' lang='lat' dir='ltr'><strong>episcopo</strong></span> <span class='ocrx_word' id='word_1_99' title='bbox 1042 1888 1258 1961; x_wconf 88' lang='lat' dir='ltr'><strong>Hermanno</strong></span> <span class='ocrx_word' id='word_1_100' title='bbox 1277 1889 1402 1986; x_wconf 88' lang='lat' dir='ltr'><strong>Ugau·</strong></span> <span class='ocrx_word' id='word_1_101' title='bbox 1527 1931 1530 1988; x_wconf 79' lang='lat'>3</span> 
     </span>
     <span class='ocr_line' id='line_1_15' title="bbox 310 1985 1530 2085; baseline 0.006 -29"><span class='ocrx_word' id='word_1_102' title='bbox 310 1985 411 2057; x_wconf 80' lang='lat' dir='ltr'><strong>iriam</strong></span> <span class='ocrx_word' id='word_1_103' title='bbox 430 2011 516 2058; x_wconf 87' lang='lat' dir='ltr'><strong>cum</strong></span> <span class='ocrx_word' id='word_1_104' title='bbox 530 1985 730 2085; x_wconf 87' lang='lat' dir='ltr'><strong>provinciis</strong></span> <span class='ocrx_word' id='word_1_105' title='bbox 749 1986 840 2082; x_wconf 86' lang='lat' dir='ltr'><strong>suis,</strong></span> <span class='ocrx_word' id='word_1_106' title='bbox 859 1989 993 2060; x_wconf 90' lang='lat' dir='ltr'><strong>l&#39;ratres</strong></span> <span class='ocrx_word' id='word_1_107' title='bbox 1007 2011 1096 2061; x_wconf 89' lang='lat' dir='ltr'><strong>vero</strong></span> <span class='ocrx_word' id='word_1_108' title='bbox 1116 1988 1249 2062; x_wconf 91' lang='lat' dir='ltr'><strong>militie</strong></span> <span class='ocrx_word' id='word_1_109' title='bbox 1263 1987 1402 2062; x_wconf 84' lang='lat' dir='ltr'><strong>Sacka·</strong></span> <span class='ocrx_word' id='word_1_110' title='bbox 1527 1997 1530 2048; x_wconf 65' lang='grc' dir='ltr'><strong><em>ὲ</em></strong></span> 
     </span>
     <span class='ocr_line' id='line_1_16' title="bbox 309 2085 1530 2185; baseline 0.005 -29"><span class='ocrx_word' id='word_1_111' title='bbox 309 2085 385 2157; x_wconf 88' lang='lat' dir='ltr'><strong>lam</strong></span> <span class='ocrx_word' id='word_1_112' title='bbox 412 2085 450 2157; x_wconf 92' lang='lat' dir='ltr'><strong>in</strong></span> <span class='ocrx_word' id='word_1_113' title='bbox 469 2096 571 2159; x_wconf 88' lang='lat' dir='ltr'><strong>sorte</strong></span> <span class='ocrx_word' id='word_1_114' title='bbox 589 2110 656 2184; x_wconf 92' lang='lat' dir='ltr'><strong>pro</strong></span> <span class='ocrx_word' id='word_1_115' title='bbox 674 2096 782 2184; x_wconf 89' lang='lat' dir='ltr'><strong>parte</strong></span> <span class='ocrx_word' id='word_1_116' title='bbox 800 2110 868 2159; x_wconf 91' lang='lat' dir='ltr'><strong>sua</strong></span> <span class='ocrx_word' id='word_1_117' title='bbox 886 2098 1121 2185; x_wconf 88' lang='lat' dir='ltr'><strong>receperunt.</strong></span> <span class='ocrx_word' id='word_1_118' title='bbox 1166 2087 1214 2160; x_wconf 85' lang='lat' dir='ltr'><strong>Et</strong></span> <span class='ocrx_word' id='word_1_119' title='bbox 1239 2087 1401 2162; x_wconf 84' lang='lat' dir='ltr'>ecclesie</span> <span class='ocrx_word' id='word_1_120' title='bbox 1528 2091 1530 2174; x_wconf 82' lang='lat' dir='ltr'><strong>l</strong></span> 
     </span>
     <span class='ocr_line' id='line_1_17' title="bbox 309 2183 1530 2286; baseline 0.001 -27"><span class='ocrx_word' id='word_1_121' title='bbox 309 2188 419 2259; x_wconf 86' lang='lat' dir='ltr'><strong>beate</strong></span> <span class='ocrx_word' id='word_1_122' title='bbox 437 2185 553 2261; x_wconf 85' lang='lat' dir='ltr'><strong>lllarie</strong></span> <span class='ocrx_word' id='word_1_123' title='bbox 572 2185 607 2257; x_wconf 92' lang='lat' dir='ltr'><strong>in</strong></span> <span class='ocrx_word' id='word_1_124' title='bbox 626 2185 721 2284; x_wconf 90' lang='lat' dir='ltr'><strong>Riga</strong></span> <span class='ocrx_word' id='word_1_125' title='bbox 739 2197 783 2259; x_wconf 90' lang='lat' dir='ltr'><strong>et</strong></span> <span class='ocrx_word' id='word_1_126' title='bbox 794 2187 971 2286; x_wconf 85' lang='lat' dir='ltr'><strong>episcopo</strong></span> <span class='ocrx_word' id='word_1_127' title='bbox 999 2187 1152 2286; x_wconf 89' lang='lat' dir='ltr'><strong>Rigensi</strong></span> <span class='ocrx_word' id='word_1_128' title='bbox 1173 2188 1400 2261; x_wconf 85' lang='lat' dir='ltr'><strong>Maritimam</strong></span> <span class='ocrx_word' id='word_1_129' title='bbox 1526 2183 1530 2286; x_wconf 66' lang='lat' dir='ltr'>j</span> 
     </span>
     <span class='ocr_line' id='line_1_18' title="bbox 310 2285 1530 2386; baseline 0.005 -28"><span class='ocrx_word' id='word_1_130' title='bbox 310 2309 397 2358; x_wconf 88' lang='lat' dir='ltr'><strong>eum</strong></span> <span class='ocrx_word' id='word_1_131' title='bbox 415 2296 561 2383; x_wconf 91' lang='lat' dir='ltr'><strong>septem</strong></span> <span class='ocrx_word' id='word_1_132' title='bbox 578 2285 828 2386; x_wconf 82' lang='lat' dir='ltr'><strong>kilegundis³²</strong></span> <span class='ocrx_word' id='word_1_133' title='bbox 846 2287 1105 2361; x_wconf 83' lang='lat' dir='ltr'><strong>attribuerunt.</strong></span> <span class='ocrx_word' id='word_1_134' title='bbox 1140 2288 1188 2360; x_wconf 85' lang='lat' dir='ltr'><strong>Et</strong></span> <span class='ocrx_word' id='word_1_135' title='bbox 1205 2288 1400 2362; x_wconf 85' lang='lat' dir='ltr'><strong>audientes</strong></span> <span class='ocrx_word' id='word_1_136' title='bbox 1527 2291 1530 2364; x_wconf 80' lang='lat' dir='ltr'><strong>l</strong></span> 
     </span>
     <span class='ocr_line' id='line_1_19' title="bbox 310 2385 1530 2486; baseline 0.002 -29"><span class='ocrx_word' id='word_1_137' title='bbox 310 2385 486 2458; x_wconf 84' lang='lat' dir='ltr'><strong>lllaritimi</strong></span> <span class='ocrx_word' id='word_1_138' title='bbox 509 2386 606 2483; x_wconf 87' lang='lat' dir='ltr'><strong>quod</strong></span> <span class='ocrx_word' id='word_1_139' title='bbox 634 2387 680 2458; x_wconf 90' lang='lat' dir='ltr'><strong>ad</strong></span> <span class='ocrx_word' id='word_1_140' title='bbox 709 2387 908 2460; x_wconf 91' lang='lat' dir='ltr'><strong>ecclesiam</strong></span> <span class='ocrx_word' id='word_1_141' title='bbox 928 2387 1134 2486; x_wconf 89' lang='lat' dir='ltr'><strong>Rigensem·</strong></span> <span class='ocrx_word' id='word_1_142' title='bbox 1156 2389 1399 2486; x_wconf 73' lang='lat' dir='ltr'><strong>pertinerent,</strong></span> <span class='ocrx_word' id='word_1_143' title='bbox 1528 2415 1530 2480; x_wconf 73' lang='lat'>5</span> 
     </span>
     <span class='ocr_line' id='line_1_20' title="bbox 310 2485 1530 2586; baseline 0.003 -28"><span class='ocrx_word' id='word_1_144' title='bbox 310 2485 430 2583; x_wconf 85' lang='lat' dir='ltr'><strong>gavisi</strong></span> <span class='ocrx_word' id='word_1_145' title='bbox 457 2496 544 2558; x_wconf 92' lang='lat' dir='ltr'><strong>sunt</strong></span> <span class='ocrx_word' id='word_1_146' title='bbox 567 2486 686 2582; x_wconf 89' lang='lat' dir='ltr'><strong>valde,</strong></span> <span class='ocrx_word' id='word_1_147' title='bbox 714 2497 751 2560; x_wconf 93' lang='lat' dir='ltr'><strong>et</strong></span> <span class='ocrx_word' id='word_1_148' title='bbox 767 2487 903 2559; x_wconf 87' lang='lat' dir='ltr'><strong>tributa</strong></span> <span class='ocrx_word' id='word_1_149' title='bbox 923 2488 1082 2560; x_wconf 88' lang='lat' dir='ltr'><strong>duorum</strong></span> <span class='ocrx_word' id='word_1_150' title='bbox 1101 2513 1298 2585; x_wconf 86' lang='lat' dir='ltr'><strong>annorum,</strong></span> <span class='ocrx_word' id='word_1_151' title='bbox 1325 2513 1399 2586; x_wconf 91' lang='lat' dir='ltr'><strong>que</strong></span> <span class='ocrx_word' id='word_1_152' title='bbox 1528 2511 1530 2562; x_wconf 79' lang='lat'>3</span> 
     </span>
     <span class='ocr_line' id='line_1_21' title="bbox 309 2584 1530 2686; baseline 0.002 -28"><span class='ocrx_word' id='word_1_153' title='bbox 309 2596 464 2684; x_wconf 89' lang='lat' dir='ltr'><strong>propter</strong></span> <span class='ocrx_word' id='word_1_154' title='bbox 488 2584 680 2658; x_wconf 88' lang='lat' dir='ltr'><strong>Danornm</strong></span> <span class='ocrx_word' id='word_1_155' title='bbox 705 2586 1029 2686; x_wconf 81' lang='lat' dir='ltr'><strong>impugnationem</strong></span> <span class='ocrx_word' id='word_1_156' title='bbox 1055 2588 1316 2685; x_wconf 76' lang='lat' dir='ltr'><strong>neglexerant,</strong></span> <span class='ocrx_word' id='word_1_157' title='bbox 1344 2588 1399 2660; x_wconf 92' lang='lat' dir='ltr'><strong>in·</strong></span> <span class='ocrx_word' id='word_1_158' title='bbox 1433 2607 1436 2610; x_wconf 81' lang='grc'><strong><em>’</em></strong></span> <span class='ocrx_word' id='word_1_159' title='bbox 1528 2625 1530 2648; x_wconf 55' lang='grc' dir='ltr'>ι</span> 
     </span>
     <span class='ocr_line' id='line_1_22' title="bbox 307 2685 1530 2784; baseline 0.004 -26"><span class='ocrx_word' id='word_1_160' title='bbox 307 2685 505 2784; x_wconf 88' lang='lat' dir='ltr'><strong>tegraliter</strong></span> <span class='ocrx_word' id='word_1_161' title='bbox 528 2685 733 2760; x_wconf 88' lang='lat' dir='ltr'><strong>solvebant.</strong></span> <span class='ocrx_word' id='word_1_162' title='bbox 781 2687 1026 2784; x_wconf 86' lang='lat' dir='ltr'><strong>Ugaunenses</strong></span> <span class='ocrx_word' id='word_1_163' title='bbox 1053 2713 1200 2784; x_wconf 89' lang='lat' dir='ltr'><strong>quoque</strong></span> <span class='ocrx_word' id='word_1_164' title='bbox 1226 2687 1399 2762; x_wconf 90' lang='lat' dir='ltr'><strong>similiter</strong></span> <span class='ocrx_word' id='word_1_165' title='bbox 1529 2731 1530 2774; x_wconf 41' lang='lat' dir='ltr'><strong>i</strong></span> 
     </span>
     <span class='ocr_line' id='line_1_23' title="bbox 310 2784 1530 2885; baseline 0.003 -29"><span class='ocrx_word' id='word_1_166' title='bbox 310 2786 356 2859; x_wconf 90' lang='lat' dir='ltr'><strong>de</strong></span> <span class='ocrx_word' id='word_1_167' title='bbox 375 2784 538 2858; x_wconf 90' lang='lat' dir='ltr'><strong>dominio</strong></span> <span class='ocrx_word' id='word_1_168' title='bbox 566 2786 733 2884; x_wconf 88' lang='lat' dir='ltr'><strong>episcopi</strong></span> <span class='ocrx_word' id='word_1_169' title='bbox 751 2786 956 2860; x_wconf 90' lang='lat' dir='ltr'><strong>Hermanni</strong></span> <span class='ocrx_word' id='word_1_170' title='bbox 978 2788 1204 2885; x_wconf 81' lang='lat' dir='ltr'><strong>gaudebant,</strong></span> <span class='ocrx_word' id='word_1_171' title='bbox 1229 2787 1292 2885; x_wconf 89' lang='lat' dir='ltr'><strong>qui</strong></span> <span class='ocrx_word' id='word_1_172' title='bbox 1317 2798 1400 2862; x_wconf 87' lang='lat' dir='ltr'><strong>erat</strong></span> <span class='ocrx_word' id='word_1_173' title='bbox 1529 2801 1530 2804; x_wconf 76' lang='grc'>’</span> 
     </span>
     <span class='ocr_line' id='line_1_24' title="bbox 310 2884 1397 2990; baseline 0.003 -33"><span class='ocrx_word' id='word_1_174' title='bbox 310 2886 349 2958; x_wconf 92' lang='lat' dir='ltr'><strong>in</strong></span> <span class='ocrx_word' id='word_1_175' title='bbox 367 2884 548 2983; x_wconf 89' lang='lat' dir='ltr'><strong>Odempe,</strong></span> <span class='ocrx_word' id='word_1_176' title='bbox 575 2886 640 2959; x_wconf 92' lang='lat' dir='ltr'><strong>sed</strong></span> <span class='ocrx_word' id='word_1_177' title='bbox 667 2885 895 2990; x_wconf 87' lang='lat' dir='ltr'><strong>impediebat</strong></span> <span class='ocrx_word' id='word_1_178' title='bbox 922 2911 988 2959; x_wconf 92' lang='lat' dir='ltr'><strong>eos</strong></span> <span class='ocrx_word' id='word_1_179' title='bbox 1012 2912 1080 2962; x_wconf 85' lang='lat' dir='ltr'><strong>rex</strong></span> <span class='ocrx_word' id='word_1_180' title='bbox 1104 2887 1286 2962; x_wconf 86' lang='lat' dir='ltr'><strong>Viesceka</strong></span> <span class='ocrx_word' id='word_1_181' title='bbox 1311 2911 1397 2960; x_wconf 89' lang='lat' dir='ltr'><strong>cum</strong></span> 
     </span>
     <span class='ocr_line' id='line_1_25' title="bbox 309 2985 1447 3083; baseline 0.004 -26"><span class='ocrx_word' id='word_1_182' title='bbox 309 2985 600 3058; x_wconf 84' lang='lat' dir='ltr'><strong>Tarbatensibus</strong></span> <span class='ocrx_word' id='word_1_183' title='bbox 618 2986 709 3082; x_wconf 81' lang='lat' dir='ltr'><strong>suis,</strong></span> <span class='ocrx_word' id='word_1_184' title='bbox 736 2987 797 3082; x_wconf 91' lang='lat' dir='ltr'><strong>qui</strong></span> <span class='ocrx_word' id='word_1_185' title='bbox 817 2996 899 3058; x_wconf 89' lang='lat' dir='ltr'><strong>erat</strong></span> <span class='ocrx_word' id='word_1_186' title='bbox 916 2985 952 3059; x_wconf 92' lang='lat' dir='ltr'><strong>in</strong></span> <span class='ocrx_word' id='word_1_187' title='bbox 970 2988 1148 3083; x_wconf 89' lang='lat' dir='ltr'><strong>laqueum</strong></span> <span class='ocrx_word' id='word_1_188' title='bbox 1167 3000 1204 3062; x_wconf 94' lang='lat' dir='ltr'><strong>et</strong></span> <span class='ocrx_word' id='word_1_189' title='bbox 1222 2988 1259 3060; x_wconf 92' lang='lat' dir='ltr'><strong>in</strong></span> <span class='ocrx_word' id='word_1_190' title='bbox 1272 2987 1398 3060; x_wconf 92' lang='lat' dir='ltr'><strong>diabo-</strong></span> <span class='ocrx_word' id='word_1_191' title='bbox 1445 3035 1447 3040; x_wconf 86' lang='lat'><em>·</em></span> 
     </span>
     <span class='ocr_line' id='line_1_26' title="bbox 309 3083 1397 3180; baseline 0.003 -25"><span class='ocrx_word' id='word_1_192' title='bbox 309 3085 389 3156; x_wconf 91' lang='lat' dir='ltr'><strong>lum</strong></span> <span class='ocrx_word' id='word_1_193' title='bbox 420 3107 600 3180; x_wconf 88' lang='lat' dir='ltr'><strong>maguum</strong></span> <span class='ocrx_word' id='word_1_194' title='bbox 635 3083 976 3160; x_wconf 84' lang='lat' dir='ltr'><strong>Sackalanensibus</strong></span> <span class='ocrx_word' id='word_1_195' title='bbox 1012 3097 1049 3161; x_wconf 90' lang='lat' dir='ltr'><strong>et</strong></span> <span class='ocrx_word' id='word_1_196' title='bbox 1080 3087 1163 3161; x_wconf 89' lang='lat' dir='ltr'><strong>aliis</strong></span> <span class='ocrx_word' id='word_1_197' title='bbox 1194 3087 1397 3160; x_wconf 85' lang='lat' dir='ltr'><strong>Estonibus</strong></span> 
     </span>
     <span class='ocr_line' id='line_1_27' title="bbox 310 3181 576 3256; baseline -0.011 -1"><span class='ocrx_word' id='word_1_198' title='bbox 310 3181 576 3256; x_wconf 74' lang='lat' dir='ltr'><strong>adiacentibus,</strong></span> 
     </span>
    </p>

    <p class='ocr_par' dir='ltr' id='par_1_5' title="bbox 250 3281 1530 4084">
     <span class='ocr_line' id='line_1_28' title="bbox 250 3281 1398 3384; baseline 0.002 -28"><span class='ocrx_word' id='word_1_199' title='bbox 250 3292 299 3374; x_wconf 82' lang='lat'><strong>(3.)</strong></span> <span class='ocrx_word' id='word_1_200' title='bbox 383 3281 430 3354; x_wconf 88' lang='lat' dir='ltr'><strong>Et</strong></span> <span class='ocrx_word' id='word_1_201' title='bbox 448 3281 629 3356; x_wconf 85' lang='lat' dir='ltr'><strong>miserant</strong></span> <span class='ocrx_word' id='word_1_202' title='bbox 646 3282 812 3382; x_wconf 91' lang='lat' dir='ltr'><strong>episcopi</strong></span> <span class='ocrx_word' id='word_1_203' title='bbox 839 3285 996 3358; x_wconf 88' lang='lat' dir='ltr'><strong>nuncios</strong></span> <span class='ocrx_word' id='word_1_204' title='bbox 1020 3287 1065 3358; x_wconf 91' lang='lat' dir='ltr'><strong>ad</strong></span> <span class='ocrx_word' id='word_1_205' title='bbox 1085 3311 1214 3384; x_wconf 86' lang='lat' dir='ltr'><strong>regem</strong></span> <span class='ocrx_word' id='word_1_206' title='bbox 1243 3287 1281 3359; x_wconf 91' lang='lat' dir='ltr'><strong>in</strong></span> <span class='ocrx_word' id='word_1_207' title='bbox 1307 3286 1398 3359; x_wconf 89' lang='lat' dir='ltr'><strong>Dar·</strong></span> 
     </span>
     <span class='ocr_line' id='line_1_29' title="bbox 311 3384 1397 3482; baseline 0.002 -26"><span class='ocrx_word' id='word_1_208' title='bbox 311 3384 448 3479; x_wconf 88' lang='lat' dir='ltr'><strong>betam,</strong></span> <span class='ocrx_word' id='word_1_209' title='bbox 475 3393 666 3482; x_wconf 75' lang='lat' dir='ltr'><strong>rogantes,</strong></span> <span class='ocrx_word' id='word_1_210' title='bbox 694 3394 734 3456; x_wconf 86' lang='lat' dir='ltr'><strong>ut</strong></span> <span class='ocrx_word' id='word_1_211' title='bbox 751 3385 945 3458; x_wconf 88' lang='lat' dir='ltr'><strong>recederet</strong></span> <span class='ocrx_word' id='word_1_212' title='bbox 962 3410 982 3457; x_wconf 92' lang='lat' dir='ltr'><strong>a</strong></span> <span class='ocrx_word' id='word_1_213' title='bbox 1001 3387 1202 3462; x_wconf 88' lang='lat' dir='ltr'><strong>rebellibus</strong></span> <span class='ocrx_word' id='word_1_214' title='bbox 1221 3386 1307 3481; x_wconf 87' lang='lat' dir='ltr'><strong>illis,</strong></span> <span class='ocrx_word' id='word_1_215' title='bbox 1335 3386 1397 3482; x_wconf 92' lang='lat' dir='ltr'><strong>qui</strong></span> 
     </span>
     <span class='ocr_line' id='line_1_30' title="bbox 312 3483 1398 3582; baseline 0 -26"><span class='ocrx_word' id='word_1_216' title='bbox 312 3492 419 3556; x_wconf 86' lang='lat' dir='ltr'><strong>erant</strong></span> <span class='ocrx_word' id='word_1_217' title='bbox 442 3483 480 3555; x_wconf 92' lang='lat' dir='ltr'><strong>in</strong></span> <span class='ocrx_word' id='word_1_218' title='bbox 505 3495 643 3578; x_wconf 87' lang='lat' dir='ltr'><strong>castro,</strong></span> <span class='ocrx_word' id='word_1_219' title='bbox 670 3483 732 3580; x_wconf 90' lang='lat' dir='ltr'><strong>qui</strong></span> <span class='ocrx_word' id='word_1_220' title='bbox 751 3483 926 3582; x_wconf 87' lang='lat' dir='ltr'><strong>baptismi</strong></span> <span class='ocrx_word' id='word_1_221' title='bbox 944 3487 1002 3557; x_wconf 89' lang='lat' dir='ltr'><strong>sui</strong></span> <span class='ocrx_word' id='word_1_222' title='bbox 1022 3497 1260 3560; x_wconf 88' lang='lat' dir='ltr'><strong>sacramenta</strong></span> <span class='ocrx_word' id='word_1_223' title='bbox 1283 3485 1398 3558; x_wconf 91' lang='lat' dir='ltr'><strong>viola-</strong></span> 
     </span>
     <span class='ocr_line' id='line_1_31' title="bbox 309 3583 1399 3684; baseline 0.002 -28"><span class='ocrx_word' id='word_1_224' title='bbox 309 3592 453 3679; x_wconf 86' lang='lat' dir='ltr'><strong>verant,</strong></span> <span class='ocrx_word' id='word_1_225' title='bbox 481 3584 543 3680; x_wconf 89' lang='lat' dir='ltr'><strong>qui</strong></span> <span class='ocrx_word' id='word_1_226' title='bbox 559 3583 673 3658; x_wconf 90' lang='lat' dir='ltr'><strong>fidem</strong></span> <span class='ocrx_word' id='word_1_227' title='bbox 691 3583 776 3657; x_wconf 91' lang='lat' dir='ltr'><strong>lesu</strong></span> <span class='ocrx_word' id='word_1_228' title='bbox 792 3583 937 3670; x_wconf 80' lang='lat' dir='ltr'><strong>¹Christi</strong></span> <span class='ocrx_word' id='word_1_229' title='bbox 955 3585 1142 3659; x_wconf 85' lang='lat' dir='ltr'><strong>reiciendo</strong></span> <span class='ocrx_word' id='word_1_230' title='bbox 1162 3588 1205 3658; x_wconf 93' lang='lat' dir='ltr'><strong>ad</strong></span> <span class='ocrx_word' id='word_1_231' title='bbox 1223 3584 1399 3684; x_wconf 88' lang='lat' dir='ltr'><strong>paganis·</strong></span> 
     </span>
     <span class='ocr_line' id='line_1_32' title="bbox 311 3683 1398 3781; baseline 0.004 -27"><span class='ocrx_word' id='word_1_232' title='bbox 311 3707 414 3756; x_wconf 90' lang='lat' dir='ltr'><strong>mum</strong></span> <span class='ocrx_word' id='word_1_233' title='bbox 438 3683 650 3781; x_wconf 84' lang='lat' dir='ltr'><strong>redierant,</strong></span> <span class='ocrx_word' id='word_1_234' title='bbox 686 3684 746 3780; x_wconf 91' lang='lat' dir='ltr'><strong>qui</strong></span> <span class='ocrx_word' id='word_1_235' title='bbox 770 3685 906 3758; x_wconf 86' lang='lat' dir='ltr'><strong>fratres</strong></span> <span class='ocrx_word' id='word_1_236' title='bbox 933 3685 1083 3780; x_wconf 89' lang='lat' dir='ltr'><strong>militie,</strong></span> <span class='ocrx_word' id='word_1_237' title='bbox 1120 3687 1327 3760; x_wconf 80' lang='lat' dir='ltr'><strong>confratres</strong></span> <span class='ocrx_word' id='word_1_238' title='bbox 1355 3709 1398 3758; x_wconf 90' lang='lat' dir='ltr'><strong>ac</strong></span> 
     </span>
     <span class='ocr_line' id='line_1_33' title="bbox 311 3780 1530 3884; baseline 0.002 -30"><span class='ocrx_word' id='word_1_239' title='bbox 311 3783 484 3855; x_wconf 86' lang='lat' dir='ltr'><strong>dominos</strong></span> <span class='ocrx_word' id='word_1_240' title='bbox 503 3807 604 3882; x_wconf 87' lang='lat' dir='ltr'><strong>suos,</strong></span> <span class='ocrx_word' id='word_1_241' title='bbox 633 3783 727 3855; x_wconf 90' lang='lat' dir='ltr'><strong>alios</strong></span> <span class='ocrx_word' id='word_1_242' title='bbox 746 3780 1015 3879; x_wconf 86' lang='lat' dir='ltr'><strong>interficiendo,</strong></span> <span class='ocrx_word' id='word_1_243' title='bbox 1043 3786 1135 3858; x_wconf 90' lang='lat' dir='ltr'><strong>alios</strong></span> <span class='ocrx_word' id='word_1_244' title='bbox 1162 3786 1397 3884; x_wconf 85' lang='lat' dir='ltr'><strong>captivando,</strong></span> <span class='ocrx_word' id='word_1_245' title='bbox 1529 3843 1530 3846; x_wconf 63' lang='lat'><strong>,</strong></span> 
     </span>
     <span class='ocr_line' id='line_1_34' title="bbox 310 3883 1399 3984; baseline 0.004 -30"><span class='ocrx_word' id='word_1_246' title='bbox 310 3884 357 3955; x_wconf 92' lang='lat' dir='ltr'><strong>de</strong></span> <span class='ocrx_word' id='word_1_247' title='bbox 373 3883 543 3957; x_wconf 88' lang='lat' dir='ltr'><strong>terminis</strong></span> <span class='ocrx_word' id='word_1_248' title='bbox 561 3883 638 3956; x_wconf 87' lang='lat' dir='ltr'><strong>suis</strong></span> <span class='ocrx_word' id='word_1_249' title='bbox 658 3885 887 3981; x_wconf 88' lang='lat' dir='ltr'><strong>expulerant,</strong></span> <span class='ocrx_word' id='word_1_250' title='bbox 915 3885 977 3981; x_wconf 91' lang='lat' dir='ltr'><strong>qui</strong></span> <span class='ocrx_word' id='word_1_251' title='bbox 994 3886 1151 3966; x_wconf 79' lang='lat' dir='ltr'><strong>vicinas,</strong></span> <span class='ocrx_word' id='word_1_252' title='bbox 1164 3909 1296 3960; x_wconf 89' lang='lat' dir='ltr'><strong>omues</strong></span> <span class='ocrx_word' id='word_1_253' title='bbox 1315 3910 1399 3984; x_wconf 87' lang='lat' dir='ltr'><strong>pro·</strong></span> 
     </span>
     <span class='ocr_line' id='line_1_35' title="bbox 291 3981 1398 4084; baseline 0.001 -30"><span class='ocrx_word' id='word_1_254' title='bbox 291 3981 452 4057; x_wconf 73' lang='lat' dir='ltr'><strong>&#39;vincias</strong></span> <span class='ocrx_word' id='word_1_255' title='bbox 471 3983 516 4056; x_wconf 90' lang='lat' dir='ltr'><strong>ad</strong></span> <span class='ocrx_word' id='word_1_256' title='bbox 535 3983 648 4056; x_wconf 88' lang='lat' dir='ltr'><strong>fidem</strong></span> <span class='ocrx_word' id='word_1_257' title='bbox 671 3982 756 4057; x_wconf 92' lang='lat' dir='ltr'><strong>lesu</strong></span> <span class='ocrx_word' id='word_1_258' title='bbox 781 3984 918 4057; x_wconf 89' lang='lat' dir='ltr'><strong>Christi</strong></span> <span class='ocrx_word' id='word_1_259' title='bbox 936 3986 1128 4060; x_wconf 88' lang='lat' dir='ltr'><strong>venientes</strong></span> <span class='ocrx_word' id='word_1_260' title='bbox 1154 3985 1398 4084; x_wconf 89' lang='lat' dir='ltr'><strong>despoliando</strong></span> 
     </span>
    </p>
   </div>
   <div class='ocr_carea' id='block_1_3' title="bbox 1527 1487 1530 1568">
    <p class='ocr_par' dir='ltr' id='par_1_6' title="bbox 1527 1487 1530 1568">
     <span class='ocr_line' id='line_1_36' title="bbox 1527 1487 1530 1522; baseline 0 0"><span class='ocrx_word' id='word_1_261' title='bbox 1527 1487 1530 1522; x_wconf 88' lang='lat' dir='ltr'><strong>l</strong></span> 
     </span>
     <span class='ocr_line' id='line_1_37' title="bbox 1527 1535 1530 1568; baseline 0 0"><span class='ocrx_word' id='word_1_262' title='bbox 1527 1535 1530 1568; x_wconf 84' lang='lat' dir='ltr'><strong>l</strong></span> 
     </span>
    </p>
   </div>
   <div class='ocr_carea' id='block_1_4' title="bbox 225 4133 1400 4263">
    <p class='ocr_par' dir='ltr' id='par_1_7' title="bbox 225 4133 1400 4263">
     <span class='ocr_line' id='line_1_38' title="bbox 225 4133 1400 4260; baseline 0.004 -75"><span class='ocrx_word' id='word_1_263' title='bbox 225 4167 229 4176; x_wconf 68' lang='grc'><strong><em>«</em></strong></span> <span class='ocrx_word' id='word_1_264' title='bbox 311 4133 393 4260; x_wconf 51' lang='lat' dir='ltr'><strong>zblti.</strong></span> <span class='ocrx_word' id='word_1_265' title='bbox 407 4153 431 4191; x_wconf 84' lang='lat' dir='ltr'><strong>e.</strong></span> <span class='ocrx_word' id='word_1_266' title='bbox 451 4137 610 4208; x_wconf 76' lang='lat' dir='ltr'><strong>provinciis3</strong></span> <span class='ocrx_word' id='word_1_267' title='bbox 631 4135 712 4190; x_wconf 89' lang='lat' dir='ltr'><strong>hodie</strong></span> <span class='ocrx_word' id='word_1_268' title='bbox 731 4155 782 4190; x_wconf 86' lang='lat' dir='ltr'><strong>vox</strong></span> <span class='ocrx_word' id='word_1_269' title='bbox 801 4136 929 4192; x_wconf 87' lang='lat' dir='ltr'><strong>Ebstnica</strong></span> <span class='ocrx_word' id='word_1_270' title='bbox 949 4140 1104 4194; x_wconf 80' lang='lat' dir='ltr'><strong>liddellnnd</strong></span> <span class='ocrx_word' id='word_1_271' title='bbox 1122 4138 1289 4226; x_wconf 83' lang='lat' dir='ltr'><strong>parrochiam</strong></span> <span class='ocrx_word' id='word_1_272' title='bbox 1310 4139 1400 4206; x_wconf 77' lang='lat' dir='ltr'><strong>sigui-</strong></span> 
     </span>
     <span class='ocr_line' id='line_1_39' title="bbox 332 4225 1142 4263; baseline 0.005 -4"><span class='ocrx_word' id='word_1_273' title='bbox 332 4225 360 4260; x_wconf 91' lang='lat' dir='ltr'><strong>ca</strong></span> <span class='ocrx_word' id='word_1_274' title='bbox 375 4251 380 4261; x_wconf 90' lang='lat'>.</span> <span class='ocrx_word' id='word_1_275' title='bbox 1139 4257 1142 4263; x_wconf 88' lang='lat'><em>.</em></span> 
     </span>
    </p>
   </div>
   <div class='ocr_carea' id='block_1_5' title="bbox 0 0 1546 5015">
    <p class='ocr_par' dir='ltr' id='par_1_8' title="bbox 0 0 1546 5015">
     <span class='ocr_line' id='line_1_40' title="bbox 0 0 1546 5015; baseline 0 0"><span class='ocrx_word' id='word_1_276' title='bbox 0 0 1546 5015; x_wconf 95' lang='lat' dir='ltr'><strong> </strong></span> 
     </span>
    </p>
   </div>
  </div>
 </body>
</html>
