3104 5012
270 452 483 526 HElNRlCl
510 449 788 525 CHRONlCON
814 450 1065 526 LYVONIAE.
1161 456 1210 529 85

27 659 28 663 ’
119 656 408 750 subsequuntur.
458 653 506 724 Et
532 653 636 726 ibant
662 654 807 752 pedites
828 665 937 729 caute
965 665 1002 728 et
1030 650 1210 751 ordinate,

118 765 154 828 et
172 777 285 828 mane
299 755 399 827 facto
416 754 686 829 descendentes
702 755 747 828 de
759 766 888 830 monte
902 756 1030 829 vident
1043 767 1210 829 castrum
1305 830 1309 838 x

23 887 24 890 ¹
119 866 155 928 et
173 852 379 928 exereitum
398 878 648 953 paganorum,
668 865 705 928 et
718 855 826 928 vallis
841 866 923 929 erat
935 855 1033 930 inter
1051 881 1127 930 eos.
1165 854 1212 927 Et

118 954 243 1028 statim
269 977 449 1052 percusso
477 963 655 1052 tympano
684 955 808 1030 leticie
837 981 924 1029 cum
949 956 1210 1030 instrumentis

23 1079 24 1082 ’
116 1055 272 1128 musicis
300 1065 337 1129 et
364 1065 476 1127 cantu
503 1079 572 1152 suo
599 1054 766 1128 virorum
786 1055 936 1129 animos
956 1057 1210 1131 exhilarantes

117 1156 260 1254 Deique
280 1154 526 1229 clemenciam
546 1178 660 1253 super
678 1179 720 1228 se
738 1156 970 1254 invocantes,
988 1157 1211 1232 festinanter

118 1257 161 1328 ad
188 1279 360 1355 paganos
386 1255 611 1352 accelerant
639 1265 677 1329 et
701 1255 858 1328 transito
886 1257 1008 1329 rivulo
1036 1259 1081 1330 ad
1108 1257 1211 1330 colli·
1242 1311 1244 1314 -
1368 1253 1369 1258 ’

117 1358 280 1456 gendum
300 1379 341 1430 se
359 1381 540 1454 inunum
560 1355 750 1428 modicum
770 1357 989 1432 subsistunt
1027 1356 1208 1445 Quovrso
1340 1412 1341 1416 =

116 1459 267 1556 pagani,
285 1459 398 1530 rebus
417 1457 530 1530 certis
547 1456 679 1552 territi,
700 1467 865 1554 currunt,
891 1457 1059 1556 clippeos
1079 1483 1212 1557 appre-

115 1557 295 1653 hendunt,
323 1556 385 1629 alii
405 1559 450 1629 ad
471 1580 588 1654 equos
608 1567 825 1655 properant,
853 1557 915 1630 alii
942 1581 1072 1671 sepem
1091 1569 1211 1631 trans·

118 1658 265 1753 siliunt,
293 1655 433 1730 simul
423 1682 460 1729 m
480 1682 596 1730 unum
616 1657 855 1754 conveniunt,
828 1657 1110 1731 telamoribus
1130 1659 1210 1732 suis

118 1783 243 1833 aerem
253 1712 455 1854 ⁷7'turbant
445 1783 482 1830 m
502 1757 610 1830 multi
611 1757 739 1832 tudine
758 1783 898 1856 magna
917 1758 1130 1831 christianis
1150 1784 1211 1832 oc·

118 1869 282 1952 currunt,
308 1859 461 1931 lanceas
480 1881 595 1954 super
614 1881 692 1950 eos,
719 1868 914 1955 tamquam
932 1859 1095 1956 ymbres,
1127 1859 1210 1931 mit-

117 1969 207 2030 tunt.
250 1958 452 2031 Christiani
471 1958 625 2031 lanceas
645 1958 802 2056 clippeis
822 1957 901 2031 suis
916 1959 1117 2057 excipiunt,
1133 1959 1210 2056 qui·

117 2059 183 2130 bus
211 2059 405 2133 exhaustis
431 2057 577 2156 gladios
606 2057 799 2156 arripiunt⁷
831 2059 987 2157 propius
1015 2061 1210 2156 accedunt,

116 2159 255 2233 bellum
275 2159 524 2256 committunt,
552 2159 689 2231 cadunt
714 2159 912 2257 vulnerati,
940 2170 1110 2257 pugnant
1127 2160 1212 2234 viri·

116 2259 198 2334 liter
215 2258 367 2359 pagani.
412 2258 581 2346 Quorum
608 2259 864 2333 fortitudinem
884 2259 1009 2333 vident
994 2270 1052 2333 tes
1071 2259 1210 2333 milites

23 2365 25 2410 l
115 2385 180 2456 per
192 2361 339 2434 medios
353 2360 441 2432 host
426 2370 484 2433 tes
501 2359 729 2433 confestim
720 2370 866 2432 rrruunt
869 2359 1002 2456 ,equis
1022 2359 1100 2432 suis
1118 2361 1211 2457 pha·

23 2457 25 2512 ἱ
116 2459 242 2534 leuatis
272 2461 449 2534 timorem
482 2458 536 2532 eis
568 2458 778 2554 incutiunt,
743 2460 864 2531 tad
894 2469 1037 2532 terram
1068 2461 1208 2532 multos

115 2571 371 2658 prosternunt,
405 2559 536 2633 alios
527 2584 563 2631 m
590 2560 723 2656 fugam
749 2569 989 2654 convertunt,
1016 2559 1202 2657 fugientes

23 2655 26 2668 ’
115 2673 402 2760 persequuntur,
429 2685 497 2758 per
514 2659 615 2733 viam
634 2669 672 2732 et
696 2683 763 2757 per
782 2683 894 2758 agros
914 2661 1209 2756 comprehensos

115 2761 351 2836 interficiunt.
404 2760 577 2857 Lyvones
605 2760 649 2833 de
675 2770 799 2832 castro
829 2785 916 2832 cum
934 2760 1137 2833 balistariis
1156 2762 1211 2833 fu-

117 2861 217 2959 gient
202 2863 301 2935 tibus
332 2861 492 2960 paganis
525 2871 746 2951 occurrunt,
787 2860 1012 2934 ventilantes
1045 2884 1110 2934 eos
1141 2886 1210 2959 per

116 2961 211 3036 viam
238 2974 277 3037 et
301 2963 492 3035 includent
477 2971 535 3035 tes
563 2961 600 3033 in
619 2961 757 3056 medio,
785 2971 822 3034 et
848 2960 1061 3035 occidentes
1089 2985 1208 3058 usque

118 3063 160 3133 ad
167 3061 483 3138 Theuthonicos
474 3088 511 3134 m
525 3072 671 3134 tantum
687 3062 902 3158 persequuti
923 3073 1021 3158 sunt,
1041 3072 1082 3134 ut
1099 3063 1208 3160 pauci

23 3153 25 3256 l
119 3163 232 3236 exeis
254 3164 467 3254 evaderent,
496 3173 534 3236 et
556 3173 597 3234 ut
615 3161 863 3235 Theuthonici
884 3163 1005 3236 eciam
1026 3163 1209 3260 quosdam
1301 3151 1308 3166 ²

23 3309 25 3340 ε
118 3287 161 3334 ex
183 3263 399 3361 Lyvonibus
430 3262 573 3336 similes
605 3261 805 3334 Estonibus
832 3261 1099 3359 interficerent,
1131 3263 1209 3360 qui·

23 3411 26 3426 ι
119 3362 200 3436 dam
218 3389 308 3438 vero
329 3363 448 3438 exeis
468 3363 542 3436 alia
560 3361 633 3460 via,
653 3387 724 3459 que
744 3373 802 3435 est
820 3363 920 3436 cirea
945 3373 1110 3436 castrum
1128 3388 1209 3436 ver-

119 3485 178 3536 sus
206 3465 383 3560 Coiwam,
409 3463 611 3561 fugientes,
639 3463 684 3534 ad
710 3461 822 3535 aliam
848 3473 995 3561 partem
1021 3462 1208 3536 exereitus

119 3563 172 3635 sui
197 3564 398 3638 venientes
419 3565 590 3638 evadunt.
636 3561 710 3635 Sed
729 3563 856 3659 plures
877 3588 921 3637 ex
941 3561 1051 3637 eisin
1070 3562 1208 3635 montis

119 3662 361 3739 descensione
389 3690 411 3736 a
437 3664 617 3738 militibus
644 3663 955 3760 persequentibus
975 3663 1207 3736 occiduntur.

117 3761 183 3837 Ubi
200 3764 436 3840 Everhardus
455 3767 572 3838 frater
586 3762 724 3836 milicie
742 3763 976 3860 interficitur,
1002 3773 1039 3838 et
1057 3763 1207 3863 quidam

23 3863 25 3914 ὲ
120 3887 161 3936 ex
177 3864 274 3941 milit
276 3867 358 3939 ibus
383 3866 522 3938 nostris
541 3864 795 3939 vulnerantur.
837 3864 990 3979 Inter-im
1017 3863 1091 3937 alia
1117 3886 1207 3960 pars

120 3965 300 4040 exercitus
325 3966 455 4040 videns
482 3965 674 4040 interitum
701 3989 870 4061 suorum⁷
904 3964 942 4038 in
967 3974 1107 4061 monte,
1144 3962 1207 4060 qui

120 4075 173 4136 est
195 4066 292 4141 inter
319 4076 485 4140 castrum
509 4075 548 4140 et
574 4065 756 4160 Coiwam,
793 4075 1001 4164 congregat
1002 4090 1063 4162 ιιι,
1099 4075 1136 4138 et
1162 4064 1206 4135 ad

121 4164 371 4242 defensionem
391 4189 431 4240 se
450 4174 662 4265 preparant.
707 4165 878 4262 Lyvones
897 4190 985 4240 vero
1006 4177 1043 4240 et
1060 4190 1108 4265 pe
1112 4163 1206 4238 dites
