3084 5018
200 477 204 486 .
305 418 517 494 HElNlllCl
545 418 824 496 CHRONICON
850 421 1101 501 LYVONIAE.
1173 428 1246 503 209

150 621 371 696 firmissime
403 618 677 716 edificaverant.
727 623 774 695 Et
797 622 992 698 exiverunt
1016 626 1137 703 eciam
1160 628 1245 727 ipsi,
1383 699 1393 720 ,

34 735 40 742 “
150 721 400 834 congaudio
426 733 668 796 occurrentes
687 724 895 821 apostolice
920 726 1021 800 sedis
1039 727 1180 825 legato,
1207 739 1247 804 et

18 915 19 920 ἵ
150 822 401 920 suscipientes
421 847 506 896 eum
526 821 563 894 in
583 834 748 896 castrum
770 834 809 898 et
825 824 1047 900 nunciantes
1062 828 1097 902 ei
1116 829 1244 902 omnia

150 926 270 1019 mala,
309 948 383 1021 que
414 933 568 1022 propter
604 921 718 998 fidem
748 924 991 1000 christianam
1021 927 1159 1004 ibidem
1197 933 1243 1003 ab

150 1024 352 1098 Estonibus
382 1023 552 1122 perpessi
588 1032 685 1096 sunt.
743 1025 790 1098 Et
819 1027 1040 1103 convocavit
1069 1030 1242 1123 Estones,

17 1211 18 1214 Ἴ
148 1127 250 1200 viros
274 1136 312 1200 et
337 1124 529 1220 mulieres
556 1125 602 1196 ad
630 1125 812 1199 ecclesias
839 1152 983 1224 eorum,
1016 1140 1054 1202 et
1077 1130 1169 1203 abiit
1194 1132 1241 1204 ad

149 1252 236 1322 eos,
272 1237 309 1300 et
332 1228 488 1300 verbum
513 1225 785 1328 exhortationis
806 1228 969 1303 fideliter
993 1229 1240 1308 ministrando

147 1327 381 1402 commonuit
398 1350 476 1420 eoS,
504 1352 551 1400 ne
569 1326 747 1426 deinceps
765 1338 868 1402 tauta
887 1331 987 1404 mala
1006 1332 1241 1407 committen-

16 1485 17 1488 ,
146 1439 218 1525 tes,
237 1427 325 1502 fidei
342 1437 578 1500 sacramenta
594 1427 735 1502 violare
753 1442 1023 1527 presumerent
1059 1431 1241 1508 Similiter

147 1540 186 1604 et
212 1528 389 1603 fratribus
415 1528 549 1602 militie
577 1529 746 1602 doctrine
771 1540 903 1603 sancte
921 1531 1064 1605 monita
1082 1534 1240 1607 devotus

147 1630 286 1704 ibidem
316 1629 557 1728 impendens,
597 1629 756 1702 docebat
784 1654 851 1703 eos
883 1656 929 1708 no
960 1632 1117 1706 subditis
1147 1633 1239 1728 suis,

145 1729 271 1804 stultis
289 1728 491 1803 Estonibus
509 1728 596 1824 illis,
614 1739 680 1802 aut
698 1729 736 1802 in
754 1730 910 1804 decimis
928 1733 1155 1830 accipiendis
1174 1744 1239 1807 aut

144 1831 184 1903 in
203 1831 286 1904 aliis
304 1830 588 1927 quibuscunque
614 1830 739 1905 causis
767 1830 923 1904 nimium
943 1857 1079 1930 graves
1104 1833 1238 1908 existe·

144 1941 242 2028 rent,
269 1956 316 2004 ne
339 1955 408 2028 per
434 1932 548 2003 talem
576 1930 815 2004 occasionem
838 1931 974 2006 iterum
999 1933 1045 2006 ad
1063 1934 1239 2033 paganis·

13 2041 14 2048 ’
145 2057 250 2106 mum
276 2032 399 2107 redire
429 2041 625 2128 cogantur.
677 2033 868 2105 Venerunt
892 2057 1042 2130 quoque
1073 2035 1119 2107 ad
1151 2059 1237 2109 eum

13 2153 15 2158 ·
143 2133 281 2207 ibidem
299 2131 425 2206 nuncii
443 2132 636 2206 [lanarum
656 2132 702 2205 de
720 2131 882 2230 Revelis,
900 2134 1130 2231 excipientes
1149 2160 1235 2210 eum

12 2275 14 2318 3
145 2259 231 2308 curn
249 2233 400 2332 gaudio,
427 2257 516 2308 suas
535 2233 570 2306 ei
596 2232 858 2307 tribulationes
883 2245 920 2308 et
944 2235 1041 2310 bella
1060 2236 1238 2310 nuncian-

12 2369 13 2372 ¹
144 2346 212 2410 tes.
258 2334 440 2408 Similiter
467 2343 505 2407 et
531 2333 713 2406 Estonum
738 2334 864 2408 nuncii
882 2335 928 2408 de
946 2336 1146 2433 Maritima,
1172 2337 1235 2434 qui

11 2471 13 2486 ·
143 2459 229 2509 cum
255 2435 369 2508 Dauis
398 2458 549 2533 semper
574 2436 811 2532 pugnabant7
845 2445 1030 2510 venerunt
1058 2438 1102 2509 ad
1135 2462 1235 2534 eum⁷

11 2545 13 2620 J
142 2537 348 2610 offerentes
367 2534 402 2610 ei
419 2545 540 2608 terras
566 2557 610 2607 ac
632 2534 845 2632 provincias
863 2559 965 2632 suas,
992 2536 1091 2610 sicut
1115 2548 1153 2612 et
1176 2537 1236 2610 Ri-

119 2636 322 2737 pensitas
353 2659 506 2734 semper
529 2635 752 2732 offerebant,
785 2644 933 2710 tantum
959 2636 991 2709 si
1018 2638 1238 2712 defenderet

142 2761 210 2812 eos
229 2763 252 2811 a
269 2736 386 2810 Danis
405 2746 444 2810 et
461 2734 649 2809 Osilianis.
694 2735 741 2808 Et
758 2735 902 2834 recepit
925 2761 1004 2812 eos.
1048 2738 1138 2811 Post
1161 2739 1235 2812 hoe

139 2861 317 2912 reversus
345 2837 464 2912 estin
488 2845 631 2910 terram
653 2835 897 2933 bettharm,
932 2837 1033 2911 etin
1059 2837 1234 2913 Tricatua

11 2955 13 3036 j
142 2948 400 3013 convenerunt
428 2936 554 3010 Letthi
579 2936 626 3010 de
651 2930 729 3010 lota
755 2936 962 3036 provincia,
988 2963 1061 3036 que
1084 2939 1236 3013 Tolowa

140 3050 309 3136 vocatur,
337 3040 382 3112 ad
410 3063 510 3134 eum,
538 3035 674 3135 quibus
700 3037 781 3137 ipse
805 3040 963 3114 verbum
989 3038 1058 3114 Dei
1076 3039 1238 3137 predixit

142 3165 230 3214 cum
261 3139 398 3234 letitia,
431 3149 469 3212 et
493 3138 620 3212 omnia
650 3137 739 3212 fidei
768 3149 1006 3215 sacramenta
1036 3139 1237 3240 diligenter

142 3240 327 3339 exposuit.
363 3238 410 3312 Et
426 3239 513 3312 inde
530 3238 739 3336 procedens
757 3240 796 3312 in
808 3241 991 3338 Wenden‚
1018 3266 1040 3313 a
1058 3241 1236 3314 fratribus

141 3340 331 3432 militieet
349 3342 394 3414 ab
414 3338 497 3413 aliis
513 3338 795 3428 Theuthonicis‚
813 3339 949 3415 ibidem
968 3340 1237 3438 habitantibus,

141 3441 385 3518 devotissime
411 3449 586 3538 receptus
614 3449 684 3535 est,
711 3449 748 3515 et
771 3438 913 3514 invenit
937 3439 989 3514 ibi
1005 3441 1236 3515 Wendorum

142 3555 181 3618 et
197 3544 419 3618 Letthorum
437 3539 641 3614 maximam
659 3539 949 3618 multitudinem.
1001 3539 1107 3616 Unde
1124 3566 1236 3616 mane

140 3647 257 3737 facto,
273 3641 513 3740 congregatis
525 3639 672 3714 Letthis
686 3639 870 3714 universis
885 3665 971 3715 cum
985 3641 1106 3717 letitia
1119 3641 1236 3717 letam

142 3744 198 3819 eis
224 3741 365 3818 domini
384 3743 470 3816 lesu
488 3740 626 3815 Christi
654 3741 862 3816 doctrinam
878 3741 1098 3843 predicavit,
1124 3752 1163 3818 et
1179 3766 1238 3817 se·

141 3845 227 3944 pius
245 3844 464 3944 passionem
481 3841 651 3917 eiusdem
665 3841 806 3916 domini
819 3843 904 3919 lesu
919 3867 1237 3936 commemorans,

142 3946 241 4020 letos
269 3946 423 4019 eosdem
451 3967 566 4042 quam
589 3943 795 4042 plurimum
813 3943 1021 4042 letificavit,
1047 3944 1237 4043 iidemque

143 4070 277 4120 eorum
296 4055 334 4120 et
352 4042 603 4120 constantiam
621 4046 904 4140 commendans,
923 4045 1083 4142 eoquod
1101 4054 1237 4145 sponte

145 4157 183 4222 et
207 4149 348 4250 absque
378 4145 455 4222 ulla
478 4145 663 4219 bellorum
694 4145 976 4252 perturbat-ione
1001 4145 1115 4227 iidem
1142 4145 1239 4229 chri·
