3104 5012
274 460 489 536 HEINRICI
515 458 794 572 CHRONICON
818 461 1069 535 LYVONIAE.
1158 464 1215 540 ‚73

12 125 24 522 l

12 597 21 740 l

113 665 302 763 deinceps
321 662 584 737 celebrandam
603 660 763 734 instituit
780 661 878 736 infra
892 657 1094 737 civitatem.
1130 663 1218 739 Ber·

118 767 250 839 toldus
265 786 414 862 quoque
428 763 652 836 deWenden
667 762 801 836 eodem
815 773 986 861 tempore
1002 788 1088 856 cum
1097 763 1216 838 Lettis

117 876 281 942 venerat
299 865 345 938 de
358 862 543 961 Ugaunia‚
562 861 732 961 pluribus
745 861 843 935 villis
859 862 1023 938 incensis
1038 874 1076 937 et
1087 862 1217 938 multis

122 964 284 1065 paganis
303 963 438 1038 occisis
456 963 695 1037 incommoda
714 962 877 1060 plurima
895 963 950 1037 eis
968 963 1157 1061 intulerat,
1181 976 1220 1040 et

114 1069 207 1165 ipse
225 1089 375 1162 quoque
394 1088 480 1137 cum
497 1087 636 1162 magna
658 1065 768 1135 turba
786 1063 942 1137 venitin
960 1065 1141 1138 auxilium
1158 1065 1219 1138 lli·

121 1166 316 1266 gensibus,
343 1165 409 1238 sed
428 1162 690 1238 recedentibus
709 1162 932 1261 emunitus,
960 1165 1218 1263 unusquisque
1319 1247 1327 1260 .

122 1289 301 1341 reversus
325 1263 439 1338 estin
456 1274 598 1338 terram
617 1285 737 1335 suam.
915 1282 918 1290 ·

200 1366 289 1456 Post
312 1363 383 1439 hec
411 1363 511 1437 idem
536 1363 734 1438 bertoldus
762 1363 916 1462 collegit
934 1364 1153 1460 exercitum,
1180 1374 1219 1441 et
1229 1377 1279 1464 (6.)

123 1467 231 1540 ibant
251 1465 350 1539 servi
369 1463 538 1563 episcopi
557 1488 643 1538 cum
662 1487 721 1558 eo,
747 1462 924 1538 Siffridus
943 1476 981 1539 et
1007 1465 1219 1541 Alexander

120 1577 165 1642 et
191 1565 254 1640 alii
278 1566 407 1664 plures
434 1574 473 1638 et
496 1565 669 1660 Lyvones
697 1572 735 1638 et
759 1564 870 1662 betti,
897 1576 935 1638 et
959 1566 1154 1640 venientes
1180 1566 1219 1639 in

20 1667 25 1674 “
122 1665 338 1766 Ugauniam
357 1665 403 1738 ad
423 1674 589 1737 castrum
604 1662 786 1762 Odempe,
804 1689 948 1763 paucos
966 1665 1004 1737 in
1023 1677 1148 1740 castro
1162 1691 1219 1740 re·

124 1766 287 1868 periunt.
335 1765 441 1840 Unde
460 1772 686 1860 castrenses,
712 1775 866 1863 propter
888 1765 1116 1865 paucitatem
1135 1791 1219 1841 suo-

100 1891 211 1950 ,rum
230 1865 411 1961 exterriti,
428 1864 648 1938 Bertoldum
666 1863 790 1939 verbis
808 1865 977 1965 pacificis
996 1866 1034 1939 in
1052 1878 1218 1940 castrum

120 1966 321 2065 recipiunt.
354 1963 463 2039 Servi
476 1963 643 2064 episcopi
659 1989 746 2038 cum
755 1963 968 2062 Lyvonibus
982 1965 1218 2063 quibusdam,

124 2067 346 2141 Bertoldum
364 2065 402 2137 in
417 2075 541 2138 castro
561 2075 756 2163 receptum
775 2066 1007 2165 ignoranteS,
1035 2091 1081 2141 ex
1099 2067 1220 2142 altera

125 2177 235 2266 parte
260 2176 427 2240 castrum
452 2166 670 2239 ascendunt.
713 2165 891 2264 Sequitur
909 2190 975 2240 eos
994 2177 1096 2241 totus
1115 2193 1220 2243 exer·

12 2329 15 2350 ,
54 2317 56 2322 ,
121 2268 236 2364 citus,
255 2266 395 2339 montis
409 2264 666 2338 summitatem
680 2265 845 2365 capiunt,
859 2290 986 2340 arcem
999 2268 1219 2342 munitionis

12 2371 15 2452 ἶ
123 2367 464 2466 comprehendunt,
483 2365 578 2438 liunt
595 2374 771 2463 potentes
790 2366 827 2439 in
846 2376 984 2462 castro,
1001 2367 1103 2440 viros
1123 2368 1219 2441 occi-

123 2469 238 2562 dunt,
272 2466 450 2540 mulieres
483 2465 653 2564 capiunt,
687 2466 809 2563 spolia
832 2467 952 2540 multa
978 2467 1146 2566 rapiunt,
1183 2479 1221 2543 et

13 2619 15 2648 t
123 2567 280 2666 quidam
304 2567 523 2668 perfugam
546 2576 758 2638 evaserunt.
801 2566 905 2640 Tunc
923 2565 1053 2640 diebus
1077 2567 1220 2665 aliquot

123 2668 367 2766 quiescentes
381 2665 532 2761 ibidem,
548 2674 585 2739 et
599 2663 718 2738 divisa
731 2665 828 2739 inter
842 2689 884 2741 se
898 2667 1028 2765 rapina
1044 2679 1082 2741 et
1095 2678 1218 2742 castro

13 2775 17 2876 ζ
124 2768 282 2842 incenso
301 2766 339 2839 in
356 2766 563 2862 Lyvoniam
582 2777 830 2839 revertuntur.-

13 2877 16 2904 ¹
203 2867 434 2963 Lyvonensis
460 2867 587 2963 itaque
614 2866 774 2940 ecclesia
792 2878 882 2940 tunc
898 2867 936 2940 in
961 2867 1090 2941 multis
1107 2867 1281 2963 tribu-(t.)

124 2967 332 3042 lationibus
358 2966 574 3061 constituta,
602 2977 734 3065 utpote
760 2967 797 3040 in
821 2967 944 3042 medio
970 2968 1220 3067 plurimarum

14 3119 17 3174 ξ
125 3068 323 3142 nationum
351 3092 395 3140 ac
420 3067 680 3146 lluthcnorum
705 3067 966 3166 adiacentium,
993 3069 1056 3167 qui
1088 3093 1221 3145 omncs

126 3167 330 3242 consilium
359 3168 531 3242 fecerunt
565 3166 605 3238 in
638 3191 751 3240 unum
785 3179 825 3241 ut
856 3193 939 3243 eam
971 3171 1218 3244 destruerent.

125 3269 233 3344 Unde
257 3267 441 3366 Rigenses
468 3267 715 3342 decreverunt
737 3269 783 3341 ad
809 3293 941 3367 regem
966 3270 1011 3343 de
1038 3270 1221 3344 Plosceke

14 3381 15 3392 ³
127 3369 281 3442 nuntios
300 3368 502 3463 destinare,
529 3367 562 3440 si
583 3368 682 3441 forte
701 3391 789 3441 cum
807 3392 852 3442 eo
873 3369 1043 3466 aliquam
1055 3372 1219 3443 formam

127 3469 235 3568 pacis
253 3480 411 3567 possent
427 3467 607 3542 invenire.
662 3467 708 3539 Et
732 3467 871 3541 missus
896 3479 954 3542 est
972 3467 1154 3542 Rodolfus
1173 3471 1220 3543 de

127 3569 273 3643 Iericho
300 3593 386 3642 cum
412 3567 634 3666 quibusdam
661 3566 762 3663 aliis,
800 3576 841 3640 ut
866 3567 969 3642 irent·
986 3568 1024 3640 in
1049 3568 1218 3642 lluciam.

15 3721 17 3752 f
127 3669 175 3743 Et
192 3693 280 3743 cum
294 3668 640 3768 appropinquarent
651 3667 831 3766 Wendem
851 3693 939 3742 ecce
953 3667 1114 3742 Estones
1133 3681 1293 3767 cum(8.]¹

15 3755 17 3812 Ι
127 3769 296 3844 exercitu
314 3795 454 3869 magno
473 3770 667 3845 venientes
688 3768 857 3842 Wenden
883 3769 1119 3842 obsederunt.
1173 3768 1221 3840 Et

15 3883 18 3956 ξ
127 3873 310 3946 Rodolfus
332 3896 418 3945 curn
440 3871 518 3944 suis
546 3870 591 3943 ad
616 3877 782 3942 castrum
805 3868 899 3940 illud
916 3878 1128 3942 evaserunt.
1172 3867 1221 3942 Et

15 3959 16 3966 ἵ
167 3982 392 4071 ignavemnt
408 3972 568 4045 Estones
588 3994 674 4043 cum
692 3968 869 4042 Rertoldo
889 3979 927 4044 et
944 3969 1122 4042 fratribus
1141 3967 1220 4042 suis

179 4072 332 4146 Wendis
347 4073 478 4146 diebus
496 4071 614 4143 tribus
630 4071 675 4141 ad
691 4069 882 4167 antiquum
897 4081 1075 4164 castrum⁷
1096 4070 1132 4142 in
1148 4094 1219 4166 quo

167 4174 249 4248 lhuc
262 4172 482 4245 babitabant
499 4172 634 4244 fratres
650 4195 734 4243 cum
749 4171 913 4244 Wendis.
946 4171 992 4242 Et
1006 4169 1222 4244 ceciderunt
