3104 5012
322 429 534 506 HEINRlGl
561 428 841 504 CHRONICON
867 428 1118 503 LYVONlAE.
1192 435 1262 508 109

160 643 206 706 ut
223 629 372 706 facilius
392 631 438 704 ad
457 630 657 705 concilium
682 630 894 703 Romanum
912 629 1040 704 venire
1067 640 1197 728 posset
1223 629 1260 702 iu

27 731 34 742 ’
159 731 460 829 sequentianno,
480 733 578 829 quod
598 742 680 805 erat
697 729 773 802 iam
787 731 931 802 duobus
946 728 1053 802 annis
1066 729 1260 826 indictum,

160 833 381 929 relinquens
408 856 475 930 pre
478 833 598 905 fatum
623 830 843 929 episcopum
871 830 910 901 in
937 831 1049 902 domo
1074 840 1113 903 et
1135 830 1173 902 in
1199 855 1262 904 cx·

160 957 281 1031 pensa
301 957 368 1006 sua
387 930 426 1004 in
440 931 510 1004 llio
485 956 545 1030 ga
578 930 625 1003 llt
637 955 732 1004 uxor
744 929 974 1004 Woldemari
989 941 1070 1004 erat
1084 939 1123 1003 et
1136 929 1259 1002 omnis

159 1033 358 1106 familia
326 1055 407 1106 erus
426 1031 576 1126 ibidem,
601 1055 662 1105 our
652 1029 943 1103 ministrabant
961 1052 1093 1104 omnes
1110 1030 1149 1102 in
1168 1028 1261 1104 cari·

158 1144 251 1207 tate.
294 1132 380 1230 Ipse
400 1142 527 1206 autem
544 1129 836 1204 Woldemarus
825 1156 864 1202 ιιι
877 1130 1048 1204 Ydumea
1066 1141 1104 1204 et
1120 1131 1159 1203 in
1176 1130 1261 1204 Let-
1247 1147 1324 1231 -‚(2)

155 1233 242 1306 ahia
261 1230 417 1331 collegit
434 1256 495 1306 res
514 1243 552 1306 et
569 1231 763 1329 pecunias⁷
780 1229 919 1303 iudicia
937 1229 1105 1305 iudicans
1124 1229 1259 1304 civilia.

159 1333 211 1406 Et
237 1356 439 1406 occurrens
466 1333 499 1406 ei
530 1332 765 1406 Alebrandus
796 1331 973 1405 sacerdos
1001 1331 1260 1406 Ydumeorum

156 1433 254 1504 dixit
278 1433 330 1506 ei:
369 1433 485 1529 Oport
469 1431 609 1505 ttebcn
593 1438 638 1526 te,
664 1431 795 1528 inquit,
822 1454 898 1526 rea,
925 1433 985 1526 qui
1011 1429 1121 1504 iudea
1145 1429 1260 1503 homi-

156 1556 249 1606 num
271 1556 347 1607 esse
364 1535 539 1628 meruisti,
557 1531 696 1605 iudicio
714 1534 814 1604 iusto
831 1529 997 1602 iudicare
1014 1537 1051 1604 et
1069 1553 1166 1627 vero,
1185 1555 1260 1604 non

154 1632 399 1728 opprimendo
422 1655 617 1728 pauperes,
643 1655 709 1705 nec
733 1655 792 1705 res
817 1653 944 1704 eorum
961 1629 1177 1726 auferendo,
1194 1655 1259 1704 nee

157 1733 351 1828 neophitos
376 1740 525 1807 nostros
548 1730 804 1805 conturbando
831 1733 950 1826 mopis
976 1753 1001 1802 a
1028 1729 1098 1820 fide
1127 1730 1260 1804 Cleristi

153 1836 303 1922 faceres
321 1832 476 1906 deviare.
515 1832 562 1905 Et
578 1831 794 1931 indignatus
813 1842 871 1906 est
888 1856 967 1928 rex,
994 1841 1032 1905 et
1056 1830 1260 1903 commina-

154 1944 221 2006 -tus
240 1935 453 2006 Alabrando
474 1933 543 2006 ait:
573 1932 760 2026 Oportebit
774 1955 842 2028 me,
869 1928 1084 2025 patrando,
1104 1929 1259 2005 divicias

155 2032 501 2106 &habundancius
526 2031 658 2105 domus
684 2039 744 2105 tue
767 2034 937 2106 minuere.
983 2031 1078 2103 Nam
1098 2040 1136 2104 et
1154 2055 1258 2104 exer·

155 2133 276 2206 citum
296 2157 478 2233 maguum
496 2157 631 2246 regum
649 2133 910 2206 Ruthcnorum
937 2141 1071 2230 postea
1098 2129 1229 2203 duxit
1218 2156 1256 2203 ιιι

7 2305 13 2332 ,Ι
153 2235 315 2308 domum
333 2257 454 2331 suam
474 2243 512 2306 et
529 2233 655 2305 omnia
673 2231 846 2329 vastavit
870 2231 969 2305 sicut
985 2232 1082 2304 infra
1101 2231 1257 2306 dicetur.

9 2376 14 2384 ·
126 2335 141 2346 '
156 2333 209 2406 Et
224 2343 313 2431 post
330 2333 520 2407 modicum
537 2343 687 2431 tempus
707 2356 794 2406 cum
812 2331 916 2404 omni
939 2331 1081 2404 familia
1100 2331 1258 2404 recessit

151 2434 196 2506 in
215 2433 404 2507 Rosciam.

234 2534 325 2607 Post
341 2535 415 2607 hoc
429 2534 630 2632 episcopus
644 2531 838 2630 Philippus
850 2531 1149 2629 Raccburgensis
1168 2556 1255 2604 cum
1265 2545 1316 2631 (3.)

155 2634 370 2732 peregrinis
390 2645 428 2708 et
441 2634 635 2708 Gerhardo
655 2633 837 2706 advocato
856 2631 1030 2705 transivit
1048 2632 1085 2704 in
1101 2631 1255 2706 Thorei·

153 2735 259 2830 ‹lam2
278 2745 316 2808 et
330 2734 516 2808 edificavit
529 2733 727 2808 castellum
741 2732 933 2832 episcopo,
953 2732 1051 2829 quod
1071 2733 1255 2807 etVrede·

147 2833 269 2908 lande
293 2833 512 2933 appellavit,
548 2833 656 2934 quasi
681 2842 823 2907 terram
847 2831 1063 2931 pacificans,
1096 2857 1260 2932 sperans

153 2958 226 3031 per
244 2935 343 3009 idem
362 2945 529 3008 castrum
547 2945 688 3008 terram
702 2933 894 3032 pacificari
909 2943 947 3007 et
960 2934 1198 3008 sacerdotum
1217 2943 1256 3008 et

147 3033 327 3108 omnium
356 3035 523 3109 virorum
562 3058 716 3107 suorum
753 3033 803 3106 ibi
836 3057 921 3109 esse
952 3033 1153 3133 refugium.
1208 3033 1255 3107 Et

12 3157 19 3170 ·
151 3145 343 3208 venerunt
368 3135 507 3209 ibidem
533 3135 578 3206 ad
597 3158 686 3208 eum
703 3132 771 3207 filii
787 3134 996 3216 Thalibaldi
1020 3136 1066 3209 de
1090 3135 1253 3234 Tolowa‚

155 3233 325 3308 Rameke
345 3234 629 3308 cumfratribus
648 3234 738 3333 suis
765 3237 957 3309 tradentes
976 3259 1018 3308 se
1036 3235 1074 3308 in
1088 3245 1253 3333 potesta
1254 3239 1260 3247 “

151 3345 236 3408 tem
254 3334 435 3433 episcopi,
462 3336 725 3433 promittentes
752 3355 794 3409 se
820 3334 933 3411 fidem
959 3335 1204 3408 christianam
1231 3361 1254 3409 a

153 3433 340 3508 lluthenis
368 3445 603 3534 susceptam,
635 3434 674 3507 in
698 3435 916 3508 Latinorum
941 3435 1253 3510 consuetudinem

150 3545 405 3633 commutare,
433 3545 471 3608 et
499 3535 544 3609 dc
563 3537 708 3607 duobus
732 3535 838 3632 equis
863 3558 1080 3608 mensuram
1104 3560 1252 3611 annone

154 3659 225 3732 per
252 3635 421 3734 singulos
448 3658 567 3708 annos
593 3634 824 3733 persolvere,
852 3659 895 3709 eo
920 3635 1016 3733 quod
1044 3645 1122 3708 tam
1147 3636 1252 3734 pacis

148 3759 271 3831 quam
290 3735 378 3809 belli
396 3746 568 3833 ternpore
594 3759 747 3833 semper
771 3745 967 3809 tuerentur
993 3735 1251 3850 abepiscopo,

140 3844 194 3914 ,et
208 3846 337 3909 essent
351 3861 437 3910 cum
446 3835 716 3910 Theuthonicis
732 3860 798 3909 cor
810 3861 928 3909 unum
943 3845 981 3909 et
995 3835 1121 3909 anima
1131 3835 1251 3934 unam,

152 3945 193 4008 et
213 3946 344 4009 contra
362 3935 524 4010 Estones
543 3946 581 4009 et
598 3936 762 4012 Letones
786 3959 918 4012 eorum
937 3960 1093 4036 semper
1114 3939 1253 4037 gaude·

146 4132 191 4197 56
221 4131 264 4190 cl.
282 4133 342 4192 Act.
358 4134 454 4208 Apost.
473 4135 564 4249 4332.

1050 4243 1074 4316 9
