3084 5018
321 467 394 542 206
468 461 680 536 tttlttlttffl
708 459 983 534 CHRONICON
1011 459 1265 535 LYVONIAE.

321 666 457 739 ablatis
491 674 528 737 et
553 688 621 762 pro
650 663 811 761 dampno
838 661 907 734 sibi
939 661 1043 734 illato
1076 673 1156 736 tam
1183 662 1220 734 in
1247 663 1424 761 Ugaunia
1525 713 1527 728 .

247 766 252 777 '
321 789 435 864 quarn
454 765 490 836 in
504 763 666 836 Sarkala
680 772 933 861 perceperunt
946 763 1122 841 totaliter.
1165 762 1239 838 Sed
1260 765 1427 859 etWay-
1525 809 1527 854 2

323 891 411 968 gam
430 862 649 961 dividentes,
678 863 919 938 medietatem
946 864 991 936 ad
1011 864 1224 962 Ugauniam
1243 863 1427 936 attribue·
1479 847 1489 874 “
1525 863 1527 948 ἶ

323 977 421 1064 runt,
447 975 484 1040 et
502 965 616 1038 aliam
635 964 704 1036 sibi
723 965 966 1038 medietatem
984 988 1071 1037 cum
1090 963 1253 1037 Saclrala
1272 975 1311 1038 et
1328 966 1425 1038 Nor-

324 1067 511 1166 megunda
528 1077 566 1140 et
577 1066 712 1138 Mocha
727 1065 978 1137 obtinuerunt.
1011 1063 1194 1138 Miserunt
1208 1075 1246 1138 et
1258 1062 1426 1137 Rutheni

325 1171 371 1241 de
397 1167 586 1264 Nogardia
614 1176 652 1238 et
677 1165 915 1239 Plescekowe
942 1165 1099 1238 nuncios
1128 1165 1166 1236 in
1185 1165 1332 1264 Rigam,
1350 1190 1428 1262 pe·

324 1281 449 1344 tentes
467 1292 524 1362 εει,
544 1291 617 1363 que
635 1265 739 1364 pacis
758 1277 856 1338 sunt.
894 1265 940 1336 Et
957 1276 1181 1363 receperunt
1199 1289 1265 1339 eos
1285 1264 1425 1363 lligen-

326 1393 402 1465 ses,
436 1367 618 1441 facientes
649 1391 783 1465 pacem
815 1390 902 1439 cum
932 1365 1000 1462 eis²
1035 1375 1073 1438 et
1101 1365 1294 1460 tributum,
1322 1367 1426 1461 quod
1486 1399 1493 1420 =

327 1493 478 1567 semper
505 1468 693 1540 habebant
715 1467 753 1539 in
772 1467 936 1562 Tolous,
964 1467 1018 1540 eis
1036 1466 1290 1540 restituentes.
1339 1466 1428 1539 Let-

327 1570 412 1642 thos
430 1592 520 1641 vero
539 1569 586 1640 de
613 1567 762 1640 Tolowa
781 1566 957 1665 Rigensis
976 1566 1174 1665 episcopus
1193 1591 1281 1639 curn
1299 1567 1428 1639 fratri·

328 1672 398 1742 bus
425 1667 503 1740 suis
526 1665 659 1740 militie
685 1667 883 1763 dividebat,
911 1677 949 1741 et
974 1668 1067 1740 duas
1087 1666 1428 1766 partesaccipiens

329 1770 545 1869 episcopus,
571 1768 720 1841 tertiam
738 1767 914 1840 fratribus
936 1767 1068 1842 militie
1085 1769 1332 1865 relinquebat.

181 1972 318 2059 (XXIX.)
404 1972 533 2043 Annus
558 1968 786 2043 bisdecimus
812 1968 994 2067 septimus
1019 1969 1197 2042 antistitis
1220 1968 1352 2064 extitit,
1387 1977 1428 2041 et

114 2077 116 2082 '
242 2059 406 2145 ¹2²5iam
423 2071 619 2167 Lyvonum
644 2080 744 2143 terra
762 2070 961 2166 tranquilla
979 2093 1073 2167 pace
1092 2069 1276 2146 silebat³⁷.
1318 2069 1425 2141 Post·

330 2197 444 2270 quam
461 2166 562 2244 enim
580 2179 730 2268 captum
750 2179 809 2243 est
826 2181 991 2243 castrum
1010 2171 1239 2244 Tarbatense
1266 2169 1428 2242 fortissi·
1525 2191 1526 2194 ’

330 2297 448 2367 mum,
476 2282 514 2346 et
535 2271 695 2344 usiones
710 2294 841 2344 omnes
861 2281 899 2344 et
916 2271 1076 2344 llutbeni
1095 2271 1208 2344 simul
1226 2295 1312 2343 cum
1331 2295 1426 2368 rege

330 2384 419 2447 sunt
436 2371 634 2468 interlecti,
662 2371 795 2444 cecidit
812 2370 926 2444 timor
943 2371 1162 2469 Rigensium
1180 2382 1218 2445 et
1234 2371 1427 2443 Theutho·

331 2474 501 2548 nieorum
520 2497 634 2572 super
653 2496 791 2546 omnes
802 2482 923 2545 terras
943 2472 1084 2546 vicinas
1103 2482 1140 2546 et
1159 2497 1273 2571 super
1291 2495 1426 2554 omnes

331 2585 477 2676 gentes,
504 2599 577 2672 que
601 2583 709 2647 erant
734 2572 771 2645 in
797 2572 968 2646 circuitu.
1017 2572 1064 2645 Et
1087 2573 1270 2646 miserunt
1292 2595 1427 2645 omnes

332 2675 489 2766 nuncios
515 2698 604 2747 suos
631 2698 718 2748 cum
743 2673 960 2747 muneribus
986 2674 1065 2746 suis
1090 2673 1127 2746 in
1156 2673 1309 2771 Rigam,
1344 2682 1426 2746 tam

331 2774 493 2850 llutheni
519 2799 631 2871 quarn
656 2775 817 2847 Estones
842 2773 1021 2846 maritimi
1048 2785 1086 2848 et
1109 2772 1278 2870 Osiliani‚
1305 2771 1425 2846 Semi-

194 2955 199 2962 ,
332 2875 423 2976 galli
449 2887 487 2950 et
505 2876 686 2972 Curones,
713 2900 783 2949 nec
810 2900 885 2947 non
911 2885 949 2949 et
970 2875 1192 2972 LetthoneS‚
1220 2884 1424 2971 querentes

332 3001 465 3075 pacem
479 2987 516 3049 et
534 2975 753 3049 societatem
773 3000 918 3073 eorum,
936 2975 1113 3050 timentes
1132 3001 1179 3050 ne
1198 2975 1268 3048 sibi
1286 2974 1423 3047 similia

330 3079 512 3169 facerent,
539 3075 636 3148 sicut
649 3075 940 3148 Tarbatensibus
957 3073 1172 3150 intulerant.
1209 3073 1256 3148 Et
1272 3099 1424 3173 recepe·

332 3187 419 3251 runt
437 3199 504 3248 eos
517 3175 701 3273 Rigenses
715 3176 846 3248 dantes
860 3201 995 3274 pacem
1010 3177 1193 3273 omnibus,
1212 3177 1424 3273 quicunque

332 3280 511 3375 petebant
528 3278 573 3349 ab
593 3275 660 3372 eis,
689 3286 726 3348 et
744 3274 848 3348 siluit
870 3287 971 3350 terra
997 3276 1035 3350 in
1054 3288 1258 3375 conspectu
1277 3301 1422 3351 eorum,

333 3377 379 3450 Et
405 3378 599 3452 exiverunt
621 3378 781 3450 Estones
806 3379 852 3450 de
878 3380 1011 3450 castris
1038 3379 1129 3475 suis,
1160 3377 1422 3453 reedificantes

331 3478 440 3553 villas
468 3501 557 3552 suas
584 3488 736 3552 exustas
763 3489 801 3551 et
832 3479 1012 3551 ecclesias
1044 3503 1146 3577 suaS,
1181 3479 1369 3552 similiter.
1387 3489 1423 3552 et

330 3579 502 3676 Lyvones
538 3603 608 3652 nec
638 3603 713 3651 non
741 3588 779 3652 et
808 3578 945 3652 Letthi«
964 3580 1009 3652 de
1043 3581 1208 3655 latibulis
1240 3579 1422 3652 silvarum

268 3690 270 3696 ’
332 3679 580 3779 egredientes,
606 3678 801 3775 inquibus
826 3679 933 3752 annis
952 3679 1027 3753 iam
1054 3681 1225 3779 plurimis
1250 3691 1422 3777 tempore

331 3781 516 3854 bellorum
543 3779 750 3875 latitarunt
777 3789 815 3853 et
831 3780 940 3854 rediit
965 3781 1221 3878 unusquisque
1238 3780 1276 3853 in
1294 3781 1422 3855 villani

331 3905 440 3955 suam
467 3881 576 3955 etad
604 3904 716 3978 agros
744 3903 846 3975 suoS,
882 3892 920 3954 et
945 3885 1103 3956 arabant
1124 3895 1161 3956 et
1185 3881 1422 3956 seminabant

330 3981 368 4054 in
400 3981 602 4056 securitate
626 4005 783 4080 magna,
817 4007 940 4078 quarn·
957 3983 1002 4054 ad
1028 3983 1276 4083 quadraginta
1303 4007 1422 4056 annos

331 4182 374 4251 37)
396 4183 526 4252 tyronum
548 4212 579 4220 -
601 4183 693 4236 silebat
712 4198 805 4234 versus
826 4180 980 4236 hexameter
1000 4194 1047 4237 ast.
