3084 5018
298 483 370 554 170
439 477 652 551 HElNlilCl
679 476 958 551 CHRONICON
984 477 1237 554 LYVONIAE.

295 677 496 753 ecclesiam
527 678 812 776 edificaverunt,
848 680 946 752 sicut
976 692 1012 754 et
1042 680 1080 753 in
1107 681 1191 755 aliis
1218 682 1401 780 pluribus

293 778 393 851 villis
419 779 573 852 anobis
598 779 796 877 baptizatis
822 780 1003 854 fecerunt.
1054 782 1221 856 Tandem
1248 783 1399 881 villam?

295 879 607 976 quetReineveri⁷
637 890 806 976 vocatur,
835 881 1080 978 attingentes7
1108 885 1153 956 ad
1181 907 1393 958 convocan-

294 981 383 1053 dum
407 981 591 1079 populum
618 981 665 1055 de
683 980 781 1053 villis
800 981 884 1054 aliis
911 981 1106 1057 miserunt.
1142 982 1189 1056 Et
1212 984 1264 1056 ait
1281 985 1400 1058 rusti·

294 1105 373 1178 curs,
393 1082 455 1179 qui
469 1081 540 1154 suit
553 1081 681 1156 senior
694 1105 843 1155 eorum:
869 1085 949 1155 lam
970 1107 1104 1179 omncs,
1122 1084 1255 1181 inquit,
1275 1085 1394 1180 bapti-

293 1184 369 1254 zoti
385 1205 522 1255 sumus.
565 1182 615 1253 Et
631 1180 907 1278 requirentibus
925 1183 1012 1279 illis,
1037 1184 1144 1256 cuius
1162 1183 1399 1282 baptismate·

293 1282 472 1379 baptizati
490 1293 628 1378 essent,
647 1282 840 1381 respondit
857 1283 938 1358 ille:
967 1285 1055 1372 Cum
1074 1306 1232 1358 essemus
1249 1288 1286 1357 in
1300 1287 1391 1358 oilla
1534 1291 1536 1318 ¹

293 1381 502 1478 lotyestmss,
538 1381 687 1478 quando
713 1381 888 1456 sacerdos
915 1383 1108 1457 Danorum
1138 1384 1188 1458 ibi
1207 1386 1400 1480 baptismi
1534 1383 1536 1470 ζ

293 1485 351 1556 sui
382 1485 559 1555 tractavit
582 1490 827 1578 sacramenta,
859 1483 1060 1578 baptizavit
1082 1488 1182 1560 viros
1208 1487 1390 1583 quosdam
1534 1489 1536 1576 ἲ

294 1606 338 1656 cc
360 1585 507 1676 nostris,
534 1590 570 1654 et
586 1581 689 1656 dedit
711 1584 816 1657 nobis
835 1608 971 1681 uquam
988 1594 1180 1682 mactum,-
1199 1594 1234 1659 et
1256 1589 1398 1661 reversi

292 1707 419 1757 sumus
438 1682 679 1777 adproprias
695 1683 815 1778 villas,
844 1692 880 1757 et
900 1709 981 1758 curn
1000 1686 1128 1760 ecdem
1147 1709 1247 1784 aqua
1266 1711 1391 1784 asper·
1534 1681 1536 1716 ³

292 1787 407 1858 simus
431 1787 676 1881 unusquisque
693 1792 857 1858 nostram
876 1786 1071 1883 familiam,
1099 1811 1233 1860 aceres
1251 1795 1288 1860 et
1300 1812 1397 1883 par·
1532 1773 1536 1840 ’ἓ

294 1885 419 1979 culos,
459 1892 492 1958 ct
519 1885 626 1958 nobis
657 1885 755 1957 ultra
786 1908 890 1981 quern
920 1888 1125 1973 faciemus?
1177 1889 1267 1960 Cum
1296 1893 1392 1962 enim

293 1986 403 2061 semel
415 1985 592 2080 baptizati
604 2008 742 2080 sumus,
759 2009 828 2058 nos
840 1985 1030 2066 ultroneo
1043 1992 1267 2082 recipiemus.
1305 1989 1396 2077 Quo>

294 2087 434 2184 audito,
460 2087 678 2160 sacerdotes
696 2086 886 2159 modicum
907 2089 1155 2187 subridentes
1175 2100 1212 2163 et
1231 2113 1396 2164 excusso

294 2189 450 2285 pulvere
468 2188 606 2285 pedum
625 2185 670 2259 in‘
682 2211 760 2284 eos,
789 2187 834 2260 ad
854 2187 948 2260 alias
966 2189 1075 2262 villas
1093 2191 1328 2288 festinantes
1351 2191 1396 2262 in

295 2287 455 2361 confinio
474 2287 640 2363 Wironie
657 2298 735 2361 tres
759 2288 868 2361 villas
895 2290 1192 2388 baptizaverunt,
1219 2291 1282 2364 ubi
1310 2301 1394 2365 erat

295 2413 405 2462 mons
425 2400 462 2464 et
479 2390 586 2486 sylva
610 2389 849 2487 pulcerrima⁷
876 2389 914 2462 in
931 2416 1007 2487 qua
1026 2390 1199 2465 dicebant
1216 2390 1398 2490 indigene
1534 2405 1536 2478 ἦ

295 2515 477 2589 magnum
504 2492 616 2563 deum
643 2487 888 2563 Osiliensium
919 2501 1067 2588 natum,
1102 2485 1164 2589 qui
1188 2492 1395 2606 Tharapita
1529 2523 1536 2600 -5

293 2601 463 2688 vocatur,
491 2601 528 2665 et
554 2592 600 2664 de
626 2591 711 2662 loco
735 2589 801 2662 illo
821 2589 858 2662 in
878 2589 1034 2664 Osiliam
1053 2593 1213 2666 volasse.
1250 2593 1297 2665 Et
1314 2595 1400 2670 rbat
1533 2603 1536 2684 l

223 2683 229 2696 ‘
295 2694 391 2767 alter
417 2692 595 2765 sacerdos
623 2690 818 2765 succidens
847 2690 1032 2789 imagines
1060 2703 1098 2765 et
1124 2693 1397 2767 similitudines
1534 2697 1536 2766 ἲ

295 2795 453 2868 deorum
479 2816 634 2866 suorum
653 2791 703 2862 ibi
721 2793 855 2888 factaS,
883 2802 920 2865 et
947 2792 1180 2866 mirabantur
1196 2794 1263 2891 illi,
1291 2795 1393 2891 quod

295 2894 453 2993 sanguis
477 2917 552 2965 non
581 2890 765 2988 efflueret,
793 2901 831 2966 et
847 2893 970 2991 magis
989 2895 1230 2967 sacerdotum
1249 2918 1393 2968 sermo·

294 2996 402 3068 nibus
418 2994 629 3067 credebant.
666 2992 938 3066 Consummato
958 3019 1049 3092 ergo
1069 3019 1137 3093 per
1150 3005 1298 3094 septem
1312 2994 1395 3068 dles

294 3095 521 3191 baptismate
545 3093 583 3164 in
601 3092 666 3164 illa
685 3092 888 3191 provincia,
907 3094 1049 3168 reversi
1069 3106 1157 3167 sunt
1173 3096 1396 3169 sacerdotes

296 3195 342 3268 ad
370 3193 484 3266 aliam
503 3192 748 3290 provinciam,
775 3219 847 3290 que
873 3195 1009 3268 blocha
1028 3207 1195 3294 vocatur,
1223 3206 1263 3270 et
1290 3195 1392 3268 simi-

295 3295 381 3369 liter
408 3295 656 3368 ebdomadam
683 3293 819 3368 ibidem
845 3293 1064 3393 implentes,
1101 3296 1395 3371 circumiverunt

297 3397 342 3468 ad
360 3395 482 3492 villas,
511 3405 548 3468 et
566 3393 734 3492 quolibet
751 3395 812 3467 die
826 3394 974 3469 circiter
993 3407 1183 3471 trecentos
1202 3407 1268 3470 aut
1286 3396 1392 3494 quin·

296 3506 432 3595 gentos
450 3495 657 3595 promiscui
676 3519 788 3568 sexus
807 3496 1103 3595 baptizaverunt,
1131 3499 1250 3572 donec
1269 3497 1391 3570 eciam

294 3597 331 3669 in
351 3597 425 3670 illis
443 3597 580 3670 finibus
600 3607 862 3669 consummato
888 3597 1127 3695 baptismate,
1152 3621 1392 3697 paganorum

294 3698 389 3772 ritus
408 3697 610 3772 abolerent.
663 3695 710 3768 Et
728 3697 773 3770 de
790 3697 986 3795 provincia
1002 3698 1069 3772 illa
1085 3701 1334 3796 procedentes
1354 3698 1393 3770 in
1522 3776 1529 3781 ,

293 3799 481 3898 Waigam,
507 3798 731 3872 invenerunt
754 3797 792 3870 in
818 3798 877 3871 via
904 3798 1014 3872 villas
1040 3800 1181 3897 plures,
1209 3824 1282 3897 que
1301 3823 1395 3871 non·

295 3899 385 3973 dum
399 3901 551 3973 luerunt
562 3900 607 3971 ab
619 3897 804 3994 aliquibus
820 3900 1077 3974 sacerdotibus
1091 3900 1254 3999 visitate,
1273 3901 1394 3997 bapti·

295 4000 462 4097 satisque
479 3999 569 4074 viris
594 3999 767 4070 omnibus
791 3999 928 4073 ibidem
948 4010 986 4074 et
1013 4001 1234 4076 mulieribus
1254 4011 1292 4076 et
1307 4025 1395 4100 par·

297 4198 323 4273 7)
341 4198 485 4254 lleinewer
504 4199 574 4252 villa.
649 4198 675 4272 8)
695 4198 825 4268 lalgsama
846 4200 916 4266 tilla,
935 4209 965 4255 ut
982 4203 1096 4264 ridetur.
