3104 5012
295 516 344 593 98
440 513 653 587 HElNRlCl
681 509 960 586 CHRONlCON
986 509 1239 584 LYVONlAE.

295 715 508 812 Lyvonibus
527 725 565 789 et
590 714 709 788 Lettis
737 714 782 788 ad
807 713 1000 812 placitum,
1027 723 1069 786 ut
1095 714 1257 787 sedando
1285 713 1394 787 litem

297 817 343 890 ad
363 815 560 915 pristinam
579 839 645 889 eos
673 814 911 889 concordiam
930 823 1136 888 revocaret.
1179 813 1226 886 Et
1244 813 1394 912 litigan-

294 927 353 991 tes
370 918 572 991 verborum
599 914 906 990 altercationibus
925 913 1071 988 duobus
1096 915 1228 988 diebus
1248 915 1393 988 nullam
1506 915 1512 922 '

295 1017 485 1092 intereos
512 1015 615 1115 pacis
644 1015 991 1091 reconciliationem
1016 1014 1231 1088 adinvenire
1263 1024 1393 1113 potue·
1451 1027 1455 1032 ’
1537 1111 1538 1118 ¹

295 1128 393 1191 runt.
428 1118 533 1191 Unde
551 1117 725 1231 Lyvones
744 1126 782 1191 et
799 1117 897 1191 Letti
914 1115 1135 1190 recedentes
1163 1140 1184 1188 a
1202 1115 1392 1188 Theutho·

294 1218 388 1292 nicis
408 1219 506 1292 inter
524 1241 565 1292 se
580 1217 882 1314 coniuraverunt,
902 1226 939 1291 et
953 1216 1165 1316 gladiorum
1181 1216 1392 1290 calcatione

296 1318 595 1393 coniurationem
622 1342 731 1392 suam
757 1342 906 1417 pagano
934 1341 1041 1391 more
1061 1316 1391 1390 confirmaverunt.

296 1419 466 1507 Quorum
493 1418 637 1517 primus
664 1429 745 1493 erat
771 1419 919 1516 Caupo,
947 1416 1053 1490 cuius
1079 1418 1193 1490 verba
1219 1427 1328 1491 erant
1355 1417 1392 1490 in

293 1521 395 1592 hunc
413 1521 631 1616 modum,u
608 1530 648 1593 ut
666 1543 873 1615 numquam
891 1543 914 1591 a
931 1517 1005 1591 lide
1028 1517 1166 1590 Christi
1184 1518 1392 1615 recederet

293 1620 359 1693 sed
385 1629 426 1691 ut
453 1643 520 1718 pro
539 1619 753 1733 Lyvonibus
781 1630 819 1692 et
835 1618 953 1692 Lettis
972 1618 1017 1691 ad
1038 1617 1257 1715 episcopum
1277 1618 1393 1692 inter·

294 1721 455 1816 cederet,
474 1729 515 1792 ut
529 1719 583 1794 eis
602 1720 684 1793 iura
698 1718 979 1792 christianitatis
998 1717 1276 1792 alleviarentur.
1313 1717 1390 1792 Sed

293 1820 409 1895 ceteri
430 1843 562 1894 omnes
576 1819 823 1893 intentionem
837 1843 945 1892 suam
960 1843 1036 1892 non
1050 1828 1239 1914 curantes,
1258 1829 1392 1892 contra

292 1921 429 1994 fratres
454 1919 593 1993 milicie
620 1921 873 2017 coniurantes,
899 1918 1325 1994 l'lteuthonicosomnes
1354 1930 1392 1993 et

293 2045 430 2094 nomen
468 2019 714 2093 christianum
749 2021 795 2094 de
830 2031 930 2094 terra
967 2019 1163 2114 Lyvonum
1200 2020 1390 2118 expellere

294 2131 396 2220 cogit
370 2121 520 2194 t.abant
574 2120 656 2208 Quo
683 2121 778 2216 viso,
805 2119 946 2194 reversi
971 2130 1055 2192 sunt
1050 2119 1242 2233 episcopi
1262 2130 1301 2193 et
1317 2120 1391 2193 fra-

291 2232 370 2295 tres
389 2220 527 2295 milicie
546 2245 632 2293 curn
654 2220 827 2293 omnibus
851 2219 981 2294 amicis
1001 2219 1092 2316 suis,
1120 2219 1182 2317 qui
1208 2231 1391 2294 venerant

293 2346 379 2394 cum
407 2322 473 2418 eis,
502 2321 758 2494 unusqtuisque
783 2320 821 2392 in
847 2319 1096 2394 munitionem
1122 2343 1242 2393 suam.
1286 2321 1391 2394 Tunc

293 2423 513 2522 congregati
545 2432 633 2495 sunt
661 2422 831 2518 Lyvones
859 2420 904 2494 de
936 2419 1165 2495 Sattesele
1155 2446 1192 2493 ιιι
1220 2431 1388 2495 castrum

292 2547 415 2619 suum,
436 2533 473 2596 et
491 2523 683 2597 mittentes
703 2522 747 2596 ad
767 2520 1085 2596 Lenewordenses
1105 2530 1143 2595 et
1160 2521 1388 2596 Holmenses

292 2633 330 2698 et
347 2623 608 2698 Thoredenses
636 2623 744 2696 etad
772 2645 903 2695 omnes
927 2620 1099 2717 Lyvones
1129 2632 1166 2695 et
1190 2622 1322 2696 Lettos
1347 2633 1388 2696 ut

291 2725 475 2797 haberent
501 2723 774 2817 consiliumve
776 2730 1086 2796 tconsenserunt
1103 2721 1157 2795 eis
1178 2745 1323 2818 omneS,
1350 2734 1389 2797 et

292 2835 473 2922 ceperunt
497 2822 649 2897 firmare
668 2822 795 2895 omnia
814 2832 939 2895 castra
957 2845 1038 2916 sua,
1067 2832 1106 2895 ut
1126 2823 1293 2897 collectis
1313 2824 1390 2896 fru-

292 2925 402 3022 gibus
417 2924 564 2996 subito
554 2949 592 2996 m
612 2933 735 2997 castra
749 2922 987 3021 recipiantur.
1024 2922 1094 2993 Et
1084 2923 1246 2997 innotuit
1260 2948 1386 2998 sermo

291 3023 440 3097 Danieli
468 3024 513 3096 de
535 3024 774 3117 Leneworde,
801 3023 864 3119 qui
891 3033 1114 3121 procurator
1141 3034 1223 3097 erat
1248 3023 1388 3098 ibidem

290 3123 506 3220 advocacie,
540 3135 577 3197 et
602 3123 706 3195 misit
734 3134 771 3198 et
795 3123 894 3221 cepit
921 3147 1053 3196 omnes
1082 3123 1252 3198 seniores
1270 3125 1390 3220 Lyvo-

291 3247 359 3297 nes
386 3223 488 3297 illius
513 3224 717 3322 provincie,
753 3223 815 3320 qui
842 3223 983 3296 conscii
1011 3234 1119 3296 erant
1144 3224 1388 3298 consiliorum

293 3325 503 3420 malorum,
536 3334 573 3398 et
603 3324 762 3423 proiecit
792 3348 857 3398 eos
889 3323 927 3395 in
957 3323 1119 3422 vincula,
1153 3335 1191 3398 et
1221 3334 1388 3398 castrum

290 3424 607 3499 eorumincendit.
635 3423 1008 3522 SimiliterRigenses
1018 3423 1272 3523 intelligentes
1287 3425 1389 3523 cogi-

291 3525 454 3599 tationes
469 3526 655 3624 pessimas
670 3525 933 3599 Holmensium
945 3523 1130 3598 miserunt
1144 3536 1182 3598 et
1197 3526 1389 3599 destruxe-

293 3637 380 3699 runt
402 3625 658 3700 summitatem
686 3627 799 3699 castri
826 3625 993 3722 ipsorum
1012 3624 1164 3723 lapidei,
1192 3628 1291 3722 quod
1314 3625 1389 3725 pri·

291 3750 378 3800 mus
398 3752 531 3804 eorum
557 3726 757 3824 episcopus
784 3726 1008 3820 llleynardus
1036 3725 1288 3801 edificaverat.
1341 3725 1389 3801 Et

291 3827 486 3902 mittentes
499 3825 538 3900 ‘in
552 3828 789 3923 Thoreydam
804 3827 969 3899 castrum
980 3825 1276 3900 Thoredensium
1290 3827 1390 3900 lece·

289 3938 380 4000 runt
405 3927 527 4001 noctis
558 3927 714 4001 silencio
741 3925 907 4024 incendi,
940 3950 987 3999 ne
1011 3937 1100 4024 post
1123 3927 1388 4002 collectionem

265 4023 503 4127 'ipsorum
493 4054 531 4100 m
563 4039 685 4100 castro
717 4029 816 4102 bella
847 4036 978 4100 contra
1008 4027 1192 4127 Rigenses
1223 4027 1387 4101 forciora

288 4139 479 4242 pararent.
522 4119 634 4202 Unde
659 4140 748 4224 post
772 4125 1030 4201 incensionem
1056 4139 1281 4225 castrorum,
1315 4128 1390 4200 dis·

286 4227 455 4326 sipatum
486 4239 543 4304 est
571 4228 769 4302 consilium
801 4227 1042 4330 perfidorum.
1094 4228 1265 4324 Lyvones
1296 4253 1386 4303 vero
