3084 5018
280 488 492 564 HElNRlCl
521 488 799 564 CHRONICON
824 490 1074 565 LYVONIAE.
1147 497 1217 571 175

123 690 309 765 Plosceke
326 691 538 766 venientem
556 691 596 766 in
608 693 813 789 Lyvoniam
832 718 918 766 cum
935 693 1100 767 exercitu
1119 694 1217 767 subi·

124 803 240 865 tanea
265 803 388 866 morte
415 794 627 891 percussit?
673 793 858 891 Numquid
885 819 960 867 non
984 819 1115 893 regom
1139 820 1218 869 ma-

8 937 10 944 *
125 917 245 992 gnum
263 893 464 992 Nogardie‚
491 893 554 992 qui
571 894 777 991 Lyvoniam
795 894 918 991 prima
934 895 1015 969 vice
1033 897 1219 994 despolia-

119 995 191 1092 vit,
227 1018 344 1095 regno
375 1018 445 1067 suo
477 995 605 1069 statim
635 994 814 1093 privavit,
848 1007 889 1069 ut
917 1021 939 1069 a
965 996 1107 1070 civibus
1138 997 1217 1070 suis

124 1095 288 1194 turpiter
306 1095 570 1194 expelleretur,
589 1106 628 1169 et
645 1095 761 1170 alium
778 1121 911 1194 regem
927 1097 1127 1194 Nogardie,
1154 1099 1217 1196 qui

125 1198 292 1272 secunda
308 1196 391 1270 vice
408 1197 615 1293 Lyvonidm
633 1197 851 1295 depredavit
875 1222 944 1296 per
961 1198 1137 1271 Tartaros
1156 1224 1219 1272 oc·

126 1296 242 1372 cidit?
268 1297 453 1394 Numquid
467 1323 682 1397 nonregem
693 1299 975 1373 Wissewaldum
990 1299 1035 1372 de
1045 1299 1218 1397 Gercilre,

127 1399 192 1496 qui
208 1398 392 1496 Rigenses
411 1398 588 1498 spoliavit
614 1401 701 1497 igne
726 1409 764 1472 et
782 1397 905 1497 gladio
929 1399 1021 1472 satis
1046 1401 1226 1496 humiliu-¹

124 1499 204 1574 virt
247 1498 434 1597 Numquid
453 1524 529 1572 non
546 1525 613 1575 rex
629 1499 824 1596 Viesceke‚
851 1498 913 1597 qui
931 1500 1032 1574 viros
1051 1499 1220 1601 episcopi

125 1601 167 1672 in
184 1599 376 1674 Kukenois
396 1602 585 1698 quondam
603 1599 909 1697 mortificaverat,
937 1601 1077 1675 crudeli
1096 1613 1219 1677 morte

126 1701 381 1800 postmodum,
400 1703 498 1774 sicut
514 1701 611 1774 inlra
627 1702 781 1795 dicetur,
799 1701 837 1773 in
851 1701 1036 1776 Tharbete
1055 1703 1219 1778 interiit?

8 1839 10 1852 =
127 1803 276 1876 Succos
304 1802 439 1902 eciam,
473 1801 652 1900 numquid
680 1803 823 1875 audebo
849 1801 985 1901 dicere,
1020 1803 1082 1900 qui
1107 1804 1220 1878 llota·

8 1911 9 1914 ’
125 1903 270 1978 licnses
288 1902 498 2004 provincias
524 1905 633 1978 beate
651 1900 812 2001 Virginis
835 1902 972 1976 vexillo
999 1903 1219 2003 subiugatos

9 2075 10 2078 ,
126 2005 373 2101 intraverunt,
397 2004 577 2101 numquid
596 2029 671 2077 non
689 2004 761 2102 ipsi
779 2005 825 2075 ab
844 2001 1091 2077 Osiliensibus
1107 2006 1221 2079 inter-

8 2107 10 2164 f
126 2104 217 2180 fecti
237 2105 347 2178 sunt?
381 2105 568 2204 Numquid
587 2105 708 2180 eciam
725 2129 799 2178 non
818 2129 949 2202 regem
963 2103 1167 2201 Danoruma
1186 2105 1220 2178 si

8 2237 9 2242 ¹
128 2206 254 2280 dicere
279 2207 337 2279 fas
366 2216 435 2300 est,
463 2206 525 2304 qui
545 2205 752 2302 Lyvoniam
776 2205 942 2278 dominio
970 2229 1039 2279 suo
1066 2209 1220 2297 turbare

8 2353 9 2360 κ
125 2307 260 2404 voluit,
279 2309 394 2406 longa
408 2317 445 2381 et
459 2306 620 2380 mirabili
633 2332 702 2406 per
714 2302 869 2380 manum
883 2331 1091 2404 paucorum
1105 2308 1222 2406 cupti-

8 2391 9 2472 ἐ
126 2408 243 2483 vitate
261 2407 450 2482 turbavit?
485 2408 672 2506 Numquid
691 2433 765 2482 non
781 2407 1037 2505 Suellegaten,
1056 2432 1220 2482 necnon

8 2525 9 2532 ’
129 2520 168 2586 et
186 2509 281 2584 alios
301 2535 415 2607 quam
432 2509 560 2608 plures
572 2509 767 2583 Lettorum
786 2507 975 2607 principes
992 2534 1037 2582 ac
1051 2508 1220 2584 seniores

9 2629 33 2706 j
127 2635 197 2707 per
215 2634 346 2685 servos
365 2633 455 2683 suos
473 2610 714 2706 Lyvonenses
732 2608 942 2684 interfecit?
976 2610 1108 2682 Nonne
1125 2610 1220 2705 Alio,

9 2739 10 2748 ¹
127 2712 324 2808 Lyvonum
341 2711 380 2784 in
398 2711 535 2786 Holme
562 2713 751 2809 quondam
775 2710 1005 2810 perfidorum
1033 2711 1221 2810 princeps,

9 2819 11 2898 ζ
129 2837 217 2886 cum
243 2813 326 2886 aliis
351 2836 465 2910 quam
498 2812 669 2911 plurimis
695 2838 717 2885 a
743 2811 968 2911 Rigensihus
1000 2812 1220 2886 interfectus

9 2913 10 2924 ’
130 2913 289 2987 cecidit?
318 2914 451 2986 Nonne
464 2912 660 3010 Russinus,
678 2913 872 2987 Lettorum
887 2914 1025 3009 senior,
1044 2913 1081 2986 in
1096 2923 1220 3010 castro

128 3014 303 3088 Dabrelis
331 3013 530 3112 occubuit?
563 3017 695 3088 Nonne
722 3013 1041 3088 omnesseniores
1068 3012 1223 3087 Thorei-

10 3115 11 3118 ’
130 3116 279 3214 denses,
306 3115 369 3213 qui
396 3113 528 3213 perfidi
554 3115 785 3213 dicebantur,
811 3125 983 3215 tempore
1007 3113 1221 3214 pestilentie

10 3269 12 3302 r
130 3217 347 3290 ceciderunt
373 3226 411 3290 et
442 3216 581 3288 mortui
608 3216 718 3288 sunt?
768 3215 955 3314 Numquid
982 3241 1057 3289 non
1089 3239 1221 3288 omnes

11 3357 13 3360 ·
130 3317 300 3392 seniores
319 3316 449 3413 Osilie,
476 3341 638 3390 necnon
664 3329 702 3392 et
722 3315 1223 3414 Rotaliensiumprovincia—

11 3421 12 3438 ¹
128 3444 215 3492 rum
234 3419 332 3517 apud
346 3416 572 3490 Thoreidam
591 3442 613 3490 a
631 3417 855 3516 Rigensibus
874 3416 1061 3491 interlecti
1080 3415 1222 3488 cecide-

11 3595 12 3598 ,
128 3519 244 3592 runt?
277 3517 464 3616 Numquid
489 3541 564 3590 non
588 3517 794 3614 Lembitus,
820 3520 997 3614 Vytamas
1026 3540 1111 3590 cum
1137 3515 1221 3588 aliis
1267 3557 1269 3564 .

11 3613 13 3654 ³
129 3619 341 3694 senioribus
377 3619 455 3692 suis
491 3618 645 3718 perfidis
683 3618 720 3691 in
751 3617 914 3692 Sackala
945 3643 967 3690 a
996 3615 1221 3716 Rigensibus

129 3721 318 3795 interfecti
351 3720 576 3816 ceciderunt,
609 3730 646 3794 et
673 3718 884 3818 quicunque
910 3730 999 3792 tunc
1027 3717 1222 3815 superfue-

128 3833 218 3895 runt
235 3821 532 3920 etpostmodum
550 3821 587 3892 in
605 3820 761 3919 perfidia
775 3845 844 3895 sua
858 3823 1097 3915 duraverunt,
1115 3841 1222 3890 num·

131 3923 218 4020 quid
237 3947 313 3996 non
332 3946 464 3996 omnes
482 3921 725 3996 interierunt?
759 3921 857 3996 Ecce
876 3921 945 3995 Dei
963 3930 1085 3994 mater
1108 3943 1221 4017 quam

12 4009 14 4030 '
129 4024 233 4097 mitis
253 4023 352 4097 circa
371 4047 473 4119 suos,
501 4023 563 4120 qui
580 4023 741 4097 fideliter
759 4022 794 4096 ei
812 4023 1025 4097 deserviunt
1047 4020 1086 4092 in
1103 4019 1223 4116 Lyvo·

13 4143 14 4172 ³
130 4126 204 4224 niu7
232 4124 393 4222 qualiter
410 4124 493 4224 ipsa
511 4147 661 4222 semper
679 4124 844 4198 defendit
861 4147 927 4199 eos
947 4149 969 4197 a
988 4119 1131 4196 cunctis
1155 4120 1223 4192 ini-

129 4227 239 4300 micis
258 4226 349 4325 suis,
376 4250 561 4324 quamque
586 4225 747 4300 crudelis
776 4226 873 4300 circa
896 4223 980 4300 illos
999 4223 1062 4322 qui
1080 4233 1221 4324 terram

938 4329 1006 4401 13·
