3016 5016
356 515 454 592 xxu
522 512 728 590 nunna
757 507 1036 589 cunonlcon·
1057 458 1303 588 unvanus.

361 718 548 790 lohannes
577 713 749 807 nomine,
777 713 875 812 quod
904 713 1084 788 mulieres
1112 713 1387 811 quinquaginta
1421 739 1474 788 se

364 819 410 892 ob
429 826 592 889 mortem
609 813 777 889 virorum
806 813 1011 912 suspendio
1036 813 1326 910 interfecerunt,
1355 815 1430 910 XI,
1442 817 1486 888 4

364 917 409 990 de
425 922 542 988 morte
561 913 754 1002 Godet'ridi
771 912 978 988 advocatit
962 916 1194 1008 turpissimo:
1220 915 1319 988 sicut
1338 940 1361 987 a
1380 915 1487 1012 qui·
1483 939 1487 948 ·

363 1017 522 1091 busdam
546 1015 709 1089 relatum
738 1025 815 1110 est·
853 1013 933 1109 XV,
962 1021 983 1088 ι
1012 1013 1057 1088 de
1083 1018 1250 1105 mirilico
1263 1003 1487 1100 sanationeQ

361 1114 547 1191 Bernardr'
560 1113 767 1210 dehippia:
786 1125 827 1188 ιιι
845 1114 928 1213 ipse
947 1138 1038 1213 saep
1042 1115 1100 1189 ius
1119 1115 1265 1211 retulit,
1292 1115 1472 1210 xrlnss

365 1219 410 1291 dc
438 1219 615 1310 martyrio
641 1214 819 1288 Fridcrici
853 1213 898 1288 de
929 1215 1047 1310 Cella,
1087 1215 1290 1290 sacerdotis
1317 1215 1470 1289 ordinis

366 1319 623 1412 cisterciensis,
647 1339 714 1410 per
739 1316 900 1428 Lyconcs
924 1319 955 1388 ei
979 1317 1137 1402 inflicto:
1171 1317 1343 1412 Lyvones
1370 1341 1477 1415 quo·-

367 1445 439 1519 que
454 1418 638 1516 quosdam
653 1440 783 1491 secum
798 1411 966 1514 captivos
981 1417 1243 1491 deduxerunt
1234 1442 1271 1488 in
1286 1416 1470 1514 Osiliam,

368 1521 431 1619 qui
455 1528 545 1616 post
569 1517 732 1590 reditum
758 1541 869 1590 suum
896 1515 1005 1590 nobis
1030 1517 1158 1591 omnia
1175 1515 1343 1614 predicta
1361 1529 1468 1592 retu-

366 1621 501 1693 lerunt.

443 1718 674 1791 Minime‘t
606 1720 656 1812 cpi
659 1723 719 1789 tur
731 1716 838 1789 dubit
823 1715 988 1811 tandum,
1006 1717 1219 1791 Heinricum
1231 1725 1395 1791 nostrum
1412 1717 1470 1790 ad

366 1820 559 1894 historiam
582 1815 812 1890 scribendam
835 1815 921 1890 hene
944 1819 1060 1905 fuisse
1085 1825 1366 1913 praeparatum.
1421 1817 1469 1890 Si

369 1927 490 1994 autem
516 1920 793 2016 inoestipomus,
819 1915 1004 2013 quomodo
1030 1918 1126 1991 hunc
1152 1923 1258 2008 finem
1285 1920 1466 2014 attiperit,

368 2046 442 2095 non
472 2026 528 2093 cst
548 2016 774 2113 repandum,
809 2021 903 2090 vires
929 2020 960 2090 ci
988 2016 1158 2107 defuisse.
1211 2020 1281 2092 Res
1306 2018 1463 2114 viderat,

369 2144 442 2196 non
456 2123 700 2215 perspexerat.
739 2119 839 2208 Quae
856 2122 1075 2216 factasunt,
1098 2127 1242 2216 narrat,
1261 2119 1462 2192 relatorum

343 2275 344 2280 ,
370 2224 532 2296 rationes
550 2226 586 2291 et
602 2241 737 2292 causas
755 2243 828 2292 non
847 2222 1023 2315 copnom't.
1048 2219 1132 2301 ,Nec
1151 2227 1271 2293 tamen
1289 2219 1390 2293 ultra
1408 2245 1445 2294 es

369 2319 644 2416 vituperandus,
662 2318 767 2392 uliud
783 2323 877 2393 enim
894 2318 999 2394 nohis
1014 2328 1068 2395 est
1083 2320 1277 2395 historiam
1295 2321 1450 2394 'scrihere

371 2419 1026 2501 ah‘ndhominihussoeculorumr'am
1040 2430 1290 2516 peractorum.
1317 2419 1446 2494 Accedc'

368 2522 468 2622 quod
491 2523 686 2596 Heinricus
710 2520 917 2594 sacerdotio
941 2524 1047 2609 suaet
1048 2546 1091 2596 us
1110 2531 1174 2618 est,
1200 2546 1265 2596 nec
1283 2521 1335 2594 ad
1354 2522 1421 2595 alt'
1394 2530 1444 2595 ιιο

285 2651 287 2656 ’
368 2649 427 2698 res
452 2621 595 2719 proclus
615 2629 830 2738 promotus,
849 2621 974 2719 quood
991 2627 1137 2717 scimus,
1163 2621 1365 2696 maioribus
1382 2626 1465 2711 for·

368 2716 497 2798 tasse
484 2749 520 2796 m
539 2721 646 2795 rehus
661 2725 911 2816 episcoporum
930 2730 965 2794 et
950 2721 1207 2797 tdominorum
1226 2725 1371 2796 secretis
1388 2748 1464 2796 ιιοιι

369 2832 424 2898 cst
408 2823 636 2898 tadmissus.
672 2823 753 2914 Ipse
770 2820 861 2893 dicit
877 2821 1002 2916 XXIX,
1021 2826 1064 2896 9.·
1090 2824 1185 2897 haec
1201 2824 1360 2937 paucula
1374 2849 1443 2896 con

369 2923 487 3022 script
490 2948 510 2995 a
472 2933 618 2996 tsunt
644 2923 688 2994 ad
708 2922 861 2994 laudem
887 2921 1057 2996 eiusdem
1076 2923 1219 2997 domini
1237 2924 1355 2998 nostri
1374 2924 1431 2998 les

306 3027 308 3032 ’
369 3024 540 3118 Christi,
537 3048 610 3120 qul
602 3021 747 3095 fidem
775 3032 812 3094 et
839 3046 978 3095 nomen
1006 3048 1116 3096 suum
1143 3023 1284 3123 portari
1310 3025 1432 3097 vulta

369 3148 502 3197 omnes
522 3134 668 3221 gonteS,
695 3122 777 3219 ipso
798 3134 1025 3220 cooperante
1051 3134 1089 3197 et
1074 3123 1330 3198 tconfirmant
1315 3136 1364 3219 te,
1390 3150 1437 3222 pe

368 3249 482 3322 quem
499 3223 590 3296 talia
609 3234 696 3296 sunt
713 3233 880 3320 operata.
924 3224 973 3295 Et
990 3249 1104 3318 porro
1123 3225 1237 3300 disert
1222 3229 1382 3318 teproht
1382 3233 1435 3296 etu

366 3323 515 3416 lacedem
541 3324 691 3419 Christi,
719 3322 763 3395 de
787 3325 880 3410 fact
867 3348 898 3396 rs
924 3330 999 3396 tam
1025 3326 1198 3419 pluriosr's
1225 3324 1323 3398 debit
1308 3333 1394 3420 um,
1417 3351 1435 3398 s

366 3425 523 3498 scrihere
549 3425 724 3519 voluisse,
757 3448 801 3496 ne
826 3446 869 3496 eo
896 3449 963 3518 per
988 3427 1243 3522 neplipentiam
1265 3428 1417 3521 piproru

367 3522 539 3599 oblivioni
552 3527 589 3597 in
603 3532 790 3618 posterum
804 3524 1034 3599 traderentur
1043 3554 1058 3621 ,·
1085 3525 1174 3600 hoec
1187 3551 1225 3600 se
1238 3551 1311 3598 non
1329 3527 1434 3612 feciss

367 3625 594 3699 adulationis
612 3633 678 3698 out
694 3625 789 3698 lucri
807 3626 1021 3720 temporalis
1034 3629 1173 3722 pratia,
1199 3625 1264 3700 sed
1278 3629 1399 3720 potius
1416 3630 1429 3699 i

366 3727 582 3800 delictorum
598 3751 751 3799 suorum
769 3729 1025 3800 remissionem.
1077 3727 1178 3816 (luae
1202 3750 1284 3799 cum
1301 3729 1354 3799 ita
1371 3730 1453 3822 sint,

365 3828 576 3900 Heinricurn
600 3827 813 3900 historicum
836 3829 959 3913 fuisse
976 3851 1048 3900 non
1068 3835 1121 3899 est
1144 3851 1210 3900 cur
1233 3851 1451 3923 censeamus,

365 3930 397 4000 ci
427 3934 549 3999 autem
580 3931 671 4000 inter
704 3951 783 4021 eos,
819 3931 880 4023 qui
912 3926 1030 4000 medio
1058 3952 1147 4001 aevo
1175 3952 1432 4022 composuerim

364 4027 547 4120 chronica,
572 4031 810 4122 praecipuum
838 4025 958 4099 deberi
982 4027 1118 4123 locum,
1145 4032 1222 4103 iure
1247 4033 1446 4102 statuimus.

362 4129 510 4224 Ieiunus
533 4131 569 4200 in
596 4129 703 4201 rehus
729 4127 942 4221 narrandis,
970 4151 994 4199 ο
1018 4131 1207 4204 miraculis
1220 4128 1454 4223 proferendis·

360 4253 398 4302 se
424 4253 563 4322 semper
588 4232 664 4315 fere
691 4227 858 4324 abstinet,
891 4233 1128 4322 counitionem
1152 4234 1312 4327 pendium
1335 4251 1450 4324 popo·
