3016 5016
287 444 501 520 HEINRlCl
528 443 806 520 efluottlcort
831 414 1084 521 LtvoNlAa.
1181 452 1227 526 dl
1289 504 1292 511 ι
1362 480 1364 486 ·

4 613 20 749 ξ
131 645 264 744 presul
295 645 394 720 idem
421 669 534 743 usus,
566 647 788 720 convocavit
819 669 951 720 omnes
981 645 1154 743 Lyvones
1186 672 1230 722 ac

132 745 293 820 Letthos
319 745 537 820 iamdudum
564 769 782 843 conversos,
808 737 847 820 e't
863 746 1084 821 recordatus
1102 747 1231 821 morti·

133 845 321 919 ficationis
339 846 452 943 illius,
479 870 593 944 quam
612 847 681 920 sibi
701 871 745 921 ao
772 847 851 920 suis
869 870 936 921 rex
954 847 1123 922 vescera
1146 873 1230 946 pre·

131 946 245 1020 terito
266 970 364 1020 anuo
383 946 573 1042 intulerat,
592 971 679 1020 cum
697 946 836 1020 milites
852 970 895 1019 ac
908 946 1092 1030 familiam
1106 971 1228 1046 suam,

131 1071 249 1144 quarn
268 1047 464 1145 rogatione
482 1070 551 1120 sua
569 1046 640 1120 sibi
659 1072 744 1121 cum
760 1045 890 1120 multis
904 1047 1079 1146 expensis
1097 1059 1229 1122 contra

133 1146 339 1221 betthones
357 1146 395 1220 iu
414 1147 593 1221 auxilium
613 1147 780 1244 miserat,
798 1146 884 1219 dolo
904 1170 949 1220 ac
962 1147 1094 1222 fraude
1112 1147 1228 1222 nimia

14 1275 21 1285 ·
131 1245 387 1340 mortificavit,
405 1271 493 1320 curn
512 1249 685 1321 omnibus
704 1245 914 1347 peregrinis
928 1247 1144 1323 etexercitu
1158 1272 1227 1322 suo

14 1377 19 1384 ·
131 1346 284 1420 divertit
293 1346 338 1432 ‚iu
356 1345 560 1445 Kukenois,
579 1357 616 1422 et
633 1347 827 1422 inveniens
840 1358 1009 1421 montem
1028 1347 1151 1447 ipsum
1167 1349 1229 1422 de·

8 1444 20 1531 ',
130 1459 279 1522 sertum
307 1455 351 1520 et
370 1471 437 1545 pre
464 1447 705 1522 immundicia
730 1448 919 1545 quondam
938 1447 1227 1522 inhabitantium

131 1547 323 1621 vermibus
342 1572 387 1620 ac
400 1548 639 1646 serpentibus
652 1548 851 1646 repletum,
870 1539 1053 1644 iussitque
1068 1559 1106 1621 et
1119 1573 1227 1648 roga-

132 1645 186 1720 vit
211 1648 373 1721 eundem
399 1659 567 1722 montem
594 1648 766 1724 mundari
791 1673 835 1721 ac
860 1648 1033 1721 renovari
1052 1658 1090 1723 et
1108 1648 1227 1722 lirinis

131 1746 224 1820 fecit
240 1747 509 1826 munitionibus
533 1748 682 1845 muniri,
706 1747 746 1823 et
774 1758 939 1826 castrum
966 1747 1226 1822 firmissimum

8 1844 14 1875 ²
129 1845 333 1944 edificavit,
361 1858 398 1921 et
422 1847 561 1923 milites
585 1873 630 1922 ac
654 1848 868 1921 balistarios
893 1872 978 1920 cum
996 1847 1140 1921 familia
1158 1873 1228 1922 sua

132 1946 270 2020 ibidem
290 1949 336 2020 ad
356 1959 522 2021 castrum
541 1949 842 2023 conservandum
860 1947 1022 2046 reliquit,
1042 1959 1080 2023 et
1097 1947 1227 2022 multis

127 2047 309 2144 expensis
334 2048 511 2121 adhibitis
538 2048 824 2148 diligentissime
843 2048 1024 2126 custodiri
1051 2049 1152 2144 fecit,
1178 2074 1226 2122 ne

130 2171 206 2244 qua
219 2147 445 2222 Lettbonum
464 2147 651 2222 subtilitas
664 2148 724 2222 vel
739 2149 997 2223 Ruthenorum
1017 2148 1103 2224 ficta
1122 2149 1226 2222 dolo·

128 2248 225 2320 sitas
252 2271 318 2322 eos
344 2248 441 2321 sicut
457 2259 569 2323 antea
587 2249 837 2323 defraudaret.
881 2248 1079 2347 Rudolpho
1104 2248 1225 2323 eciam

1 2377 3 2418 ι
132 2347 347 2446 supradicto
375 2348 421 2422 de
448 2348 592 2422 lericho
620 2349 861 2423 medietatem
889 2350 1002 2448 castri
1027 2351 1224 2447 concessit,

130 2458 171 2522 et
196 2448 374 2521 fratribus
394 2448 532 2522 milicie
550 2449 659 2522 suani
677 2459 824 2547 partem
841 2448 999 2525 terciam
1018 2449 1223 2548 asscripsit.

131 2549 278 2636 Quibus
303 2548 442 2622 ibidem
468 2549 609 2622 relictis
636 2559 674 2623 et
700 2549 873 2621 omuibus
899 2550 994 2622 bene
1020 2548 1225 2646 dispositis,

130 2647 266 2746 Rigam
284 2648 404 2722 rediit.
448 2648 573 2722 Lettbi
600 2673 690 2723 vero
717 2673 804 2722 curn
829 2650 974 2722 duobus
998 2648 1223 2723 exercitibus

130 2749 256 2823 medio
281 2759 454 2847 tempore
478 2749 718 2824 Lettboniam
743 2749 984 2846 intraverant,
1012 2759 1049 2824 et
1074 2749 1224 2847 quibus·

1 2860 2 2949 ζ
127 2851 217 2922 dam
244 2848 397 2946 occisiS,
426 2845 648 2946 quibusdam
681 2849 904 2950 captivatis,
932 2850 979 2922 ad
1008 2843 1158 2922 ¹nostros
1185 2849 1223 2923 in

1 2954 2 3036 s
129 2949 323 3023 Kukeuois
355 2949 564 3046 redierunt,
600 2960 750 3024 etcum
777 2949 953 3049 episcopo
983 2959 1021 3023 et
1048 2951 1221 3024 omnibus

1 3067 2 3142 ff
126 3050 209 3122 suis
230 3050 275 3122 ad
294 3049 445 3148 propria
464 3050 665 3124 redierunt.

1 3211 2 3251 ,
204 3150 295 3222 Erat
328 3149 366 3222 in
398 3151 532 3223 eodem
563 3160 735 3249 tempore
760 3147 1039 3223 Wickbertus¹⁰
1069 3149 1281 3251 quidemn)

127 3247 228 3323 iuter
245 3251 381 3323 fratres
399 3250 551 3345 milicie,
576 3251 638 3347 qui
657 3252 755 3323 forte
773 3273 968 3322 corsuum
987 3249 1031 3322 ad
1051 3274 1222 3323 amorem

126 3351 249 3423 seculi
268 3351 390 3448 magis
405 3374 518 3446 quam
538 3351 582 3422 ad
601 3350 794 3449 religionis
814 3348 1051 3448 disciplinam
1069 3349 1222 3425 inclina·

128 3460 246 3544 verat,
267 3459 304 3522 et
321 3450 419 3524 inter
431 3452 567 3524 fratres
581 3451 720 3523 multas
737 3451 820 3548 ipse
838 3449 1044 3523 discordias
1060 3449 1223 3523 semina·

128 3551 190 3623 vit.
225 3550 299 3636 Qui
314 3560 444 3624 sancte
458 3551 753 3626 conversationis
768 3550 974 3623 abhorrens
989 3549 1220 3646 consortium

126 3659 167 3722 et
190 3649 328 3724 Christi
356 3649 536 3724 miliciam
554 3651 774 3748 dedignanS,
800 3649 901 3724 venit
919 3649 965 3722 ad
985 3651 1221 3722 sacerdotem

127 3750 342 3846 inldumea,
356 3751 493 3824 ibidem
508 3750 677 3850 episcopi
691 3751 818 3825 dicens
833 3774 875 3824 se
887 3749 986 3824 velle
1000 3759 1221 3846 exspectare

1 3887 7 3942 ¹.
126 3851 331 3925 adventum
350 3861 388 3924 et
399 3849 578 3948 episcopo
597 3875 666 3951 per
684 3851 810 3923 omnia
823 3849 920 3924 velle
935 3849 1098 3923 obedire.
1134 3849 1162 3922 F
1164 3875 1222 3922 ra·

1 3999 3 4021 t
127 3960 204 4024 *res
224 3961 352 4024 autern
371 3950 522 4048 milicie,
541 3949 767 4027 Bertholdus
787 3951 833 4024 de
852 3950 1020 4024 Wenden
1038 3973 1125 4024 cum
1144 3951 1222 4049 qui-

161 4105 173 4168 *l
191 4105 226 4158 de
238 4102 345 4158 Susato.
383 4102 455 4158 Eum
469 4123 484 4158 a
499 4107 627 4176 magistro
639 4105 787 4160 Weunone
803 4104 894 4158 olliom
904 4122 954 4159 sno
969 4105 1124 4160 destitutum
1137 4104 1222 4159 luisse

169 4187 218 4236 roet
236 4193 270 4232 ex
289 4175 425 4233 Chronico
444 4177 577 4248 rythmico
595 4177 752 4232 Livouieuai
772 4195 796 4232 v.
813 4177 875 4232 697.
997 4253 1019 4324 6
