3084 5018
328 425 402 500 216
470 423 681 497 HElNlllCl
710 419 986 495 cunonlcon
1014 419 1267 496 LYVONIAE.

328 625 423 700 culis
442 637 480 700 et
497 625 704 724 virginibus
723 647 900 699 exercere
925 623 1100 698 solebant
1116 623 1219 696 omni
1237 633 1423 723 tempore,

326 727 528 801 illudentes
556 749 640 822 eas,
676 736 714 799 et
740 724 963 822 copulantes
990 723 1084 797 alias
1107 717 1177 798 sibi
1207 723 1244 796 in
1271 749 1423 820 uxoreS,

327 839 404 900 tres
423 827 680 925 unusquisque
699 827 759 900 vel
777 828 870 900 duas
888 826 949 898 vel
967 825 1109 924 plures,
1134 824 1324 898 licitantes
1353 825 1422 898 sibi
1515 853 1521 917 j

328 927 471 1023 illicita,
498 953 584 1002 cum
610 951 685 1000 non
712 927 760 1001 sit
787 925 1001 1000 coniunctio
1030 925 1256 1000 conveniens
1283 926 1422 1000 Christi

327 1053 418 1120 cum·
435 1027 604 1124 Belial⁵¹,
631 1053 701 1102 nec
718 1026 857 1127 pagani
877 1028 1012 1125 copula
1033 1052 1199 1126 congrua
1218 1053 1306 1101 cum
1326 1027 1421 1102 chri·

326 1129 469 1224 stiana3
507 1153 599 1227 quas
627 1139 665 1202 et
694 1128 906 1202 Guionibus
933 1139 971 1202 et
1003 1127 1160 1227 paganis
1188 1128 1272 1202 aliis
1300 1128 1420 1203 eciam

326 1233 488 1304 vendere
507 1230 687 1303 solebant.
732 1228 951 1327 lrrtelligens
976 1253 1068 1328 ergo
1092 1231 1251 1302 domnus
1269 1230 1420 1328 legatus

327 1331 453 1405 omnia
473 1329 586 1425 mala⁷
612 1356 684 1427 que
704 1331 870 1404 fecerant
887 1329 925 1402 in
949 1328 1098 1427 Suesia,
1125 1330 1296 1404 ecclesiis
1321 1330 1421 1403 vide·

326 1431 416 1506 licet
441 1430 604 1504 incensis
631 1441 670 1504 et
700 1431 957 1505 sacerdotibus
990 1431 1198 1504 interfectis
1225 1441 1263 1505 et
1296 1455 1421 1503 sacra-

327 1532 464 1606 mentis
483 1531 616 1605 delatis
635 1542 672 1604 et
689 1531 849 1620 violatis,
877 1543 914 1606 et
932 1530 1116 1605 similibus
1134 1531 1310 1628 miseriis,
1334 1555 1421 1604 con·
1528 1561 1531 1610 2

327 1632 445 1705 doluit
472 1632 644 1730 captiviS,
673 1655 784 1705 orans
803 1633 849 1704 ad
864 1631 1081 1728 Dominum,
1108 1643 1149 1706 ut
1167 1633 1233 1706 liat
1255 1633 1422 1706 vindicta

325 1735 371 1807 de
409 1731 728 1808 malefactoribus.
788 1733 1023 1829 veniensque
1062 1733 1100 1806 in
1139 1732 1421 1828 Gothlandiam,

322 1835 480 1908 verbum
507 1832 576 1906 Dei
610 1833 821 1930 seminavit,
856 1835 1000 1908 cunctis
1032 1834 1231 1914 christiani
1256 1833 1419 1907 nominis
1479 1842 1485 1848 '
1529 1849 1531 1922 ξ

261 1946 311 2000 lul·
324 1935 474 2034 signum
493 1945 623 2008 sancte
642 1935 764 2008 crucis
783 1933 963 2008 exhibens
989 1934 1027 2007 in
1046 1936 1308 2009 remissionem
1333 1959 1420 2032 pec·
1529 1927 1531 2012 ἶ

324 2046 509 2131 catorum,
536 2037 581 2107 ad
602 2035 811 2110 faciendam
838 2035 1040 2109 vindictam
1059 2038 1105 2111 de
1133 2035 1318 2136 perversis
1337 2034 1420 2108 Osi·

323 2136 444 2209 lienis.
507 2133 695 2210 Obediunt
729 2136 992 2234 Theuthonici‚
1031 2162 1185 2213 crucem
1214 2136 1422 2236 recipiunt3

324 2236 438 2309 Gothi
470 2248 674 2330 rennuunt3
716 2236 812 2310 Dani
842 2239 999 2312 verbum
1035 2227 1105 2312 Dei
1140 2263 1215 2312 non
1251 2238 1419 2312 audiunt.

324 2337 401 2413 Soli
421 2348 653 2412 mercatores
674 2337 924 2412 Theuthonici
942 2339 1095 2413 celestia
1115 2339 1185 2412 sibi
1204 2340 1422 2413 desiderant
1525 2349 1531 2432 ’ζ

323 2437 496 2535 mercari,
523 2463 642 2536 equos
660 2449 894 2537 comparant,
922 2465 1026 2513 arma
1046 2451 1261 2542 preparant,
1283 2437 1420 2538 Rigam
1528 2461 1531 2542 g

321 2539 486 2614 veniunt.
531 2539 704 2615 Gaudent
721 2541 918 2638 lligenses⁷
943 2540 1178 2615 venientibus
1202 2551 1417 2615 occurrunt.

323 2639 497 2716 Gaudent
521 2651 559 2715 et
578 2642 752 2738 Lyvones
777 2640 949 2738 Lettiquo
974 2653 1014 2715 et
1038 2641 1199 2716 Estones
1224 2639 1419 2740 baptizati,
1529 2645 1531 2710 ἕ

323 2751 364 2814 ut
389 2741 434 2813 ad
461 2739 651 2816 Osilianos
675 2767 750 2815 non
776 2742 986 2841 baptizatos
1012 2742 1185 2817 deferant
1208 2743 1327 2817 eciam
1351 2767 1420 2815 no·
1529 2737 1531 2804 3

323 2866 410 2916 men
429 2841 685 2920 christianum.
1391 2894 1394 2896 -

262 2949 313 3036 (2.)
397 2941 479 3015 Hoc
494 2943 595 3016 'anno
610 2943 793 3042 magister
805 2943 1042 3042 lohannesll,
1070 2944 1269 3019 consocius
1289 2945 1418 3018 domni

321 3040 451 3138 legati,
472 3043 602 3118 habuit
627 3044 664 3117 in
684 3042 952 3142 commissione
969 3057 1104 3143 terras,
1129 3046 1326 3143 dequibus
1345 3047 1420 3119 dis·

324 3139 451 3214 cordia
478 3143 603 3215 fuerat
627 3144 725 3217 inter
751 3145 1030 3219 'lheuthonicos
1058 3156 1096 3220 et
1121 3146 1262 3242 nanos,
1297 3147 1420 3222 Wiro-

323 3239 424 3314 uiam
458 3241 650 3340 videlicet,
686 3243 857 3320 Gerwam
886 3256 924 3320 et
953 3247 1151 3321 Rotaliam.
1204 3247 1418 3347 Interrupta

322 3340 454 3439 itaque·
479 3369 590 3443 pace,
621 3345 722 3420 idem
752 3347 934 3445 magister
963 3346 1150 3422 lohannes
1181 3373 1270 3423 cum
1298 3348 1417 3422 [lanis
1530 3355 1531 3358 ’

322 3443 464 3519 bellare
482 3447 592 3545 cepit.
638 3446 735 3520 Dani
753 3473 914 3545 quoque,
941 3449 1147 3547 spoliantes
1165 3449 1353 3537 Rotaliam
1380 3459 1419 3524 et

321 3543 576 3644 incendentes7
595 3549 714 3622 multa
732 3548 855 3647 spolia
868 3549 1047 3642 tuleruntq
1067 3575 1161 3647 quos
1180 3549 1302 3625 eciam
1316 3551 1417 3624 servi

322 3644 493 3744 magistri
520 3658 803 3746 persequentes,
830 3650 1099 3748 quinquaginta
1127 3651 1246 3725 exeis
1270 3650 1417 3725 occide-

321 3755 421 3843 runt,
439 3757 478 3821 et
494 3748 766 3848 quinquaginta
785 3775 830 3824 ex
848 3749 903 3825 eis
922 3751 961 3824 in
979 3761 1103 3824 castro
1118 3751 1333 3850 Maianpata
1353 3754 1417 3826 ob·
1530 3803 1531 3808 =

322 3846 510 3921 sederunt.
570 3850 643 3923 Sed
677 3861 764 3949 post
798 3851 963 3925 triduum
999 3853 1143 3927 miserti
1174 3877 1325 3950 eorum,
1369 3878 1415 3951 eo
1530 3887 1531 3890 ¹

321 3948 421 4044 quod
439 3947 632 4023 christiani
651 3961 789 4048 essent,
816 3951 1038 4026 dimiserunt
1053 3978 1136 4048 xeos.
1173 3952 1274 4028 Misit
1292 3953 1416 4028 eciam

321 4099 615 4230 {ilatifiqnssiq'lhrinth
636 4105 662 4170 6,
684 4104 726 4162 15.
807 4106 851 4176 52)
871 4105 939 4163 Erat
958 4108 1113 4180 capellanus
1132 4109 1274 4162 Wilbelmi
1294 4109 1415 4182 episcopi
