3016 5016
275 490 494 566 HElNlllCl
522 490 801 566 CHRONICON
826 490 1076 567 LYVONIAE.
1179 489 1228 568 45

126 717 206 766 non
236 692 388 788 intrant
421 692 486 766 sed
518 691 563 766 ad
596 694 749 766 domum
773 691 980 766 sacerdotis
1005 692 1227 767 festinantes

125 816 249 890 equos
269 802 307 867 et
322 816 463 906 pecora
481 792 643 892 rapiunt
670 804 794 868 vestes
815 803 852 867 et
870 793 1013 866 cibaria
1031 803 1069 866 et
1087 795 1226 891 omnia

125 917 204 990 que
222 893 425 988 inveniunt
444 893 628 993 vehiculis
648 894 855 994 imponunt.
893 893 1044 967 Etcum
1064 893 1227 992 spolian-

127 1009 188 1066 tes
215 993 252 1066 in
279 995 383 1067 curia
395 947 554 1066 tantam
582 996 750 1070 lacerent
774 1019 940 1107 moram³
969 993 1183 1072 sacerdos
1174 1020 1228 1066 m·

126 1092 241 1167 terim
273 1094 310 1166 in
344 1094 504 1168 ecclesia
538 1094 712 1168 dominici
747 1094 917 1193 corporis
956 1104 995 1168 et
1031 1093 1227 1193 sanguinis

125 1205 375 1272 sacrosancta
398 1193 603 1269 conficiens
631 1194 866 1292 mysteriaet
884 1217 925 1269 se
942 1193 1066 1293 ipsum
1086 1193 1228 1268 sacrifi·

124 1294 231 1368 cium
245 1294 326 1368 Deo
345 1295 484 1371 offerre
499 1295 575 1368 iam
593 1321 669 1368 non
687 1296 873 1392 dubitans,
891 1294 1054 1392 Domino
1069 1319 1111 1370 se
1125 1319 1228 1369 com·

127 1395 341 1469 mendabat.
386 1395 456 1469 Cui
481 1396 734 1472 Theodericus
761 1395 939 1470 sacerdos
965 1394 1226 1493 ministrando,

125 1520 262 1569 servus
280 1496 449 1570 hostium
468 1497 665 1591 servando,
691 1496 851 1571 fideliter
870 1498 1055 1594 astabant
1080 1496 1227 1569 confor-

126 1606 255 1670 tantes
270 1620 357 1670 eum
375 1621 423 1670 ne
441 1608 598 1696 propter
614 1621 852 1697 paganorum
869 1597 1044 1670 timorem
1060 1595 1226 1670 divinum

125 1697 343 1811 negligeret
362 1694 543 1770 officium.
592 1697 712 1771 Finita
738 1708 865 1771 autem
890 1721 958 1796 per
977 1696 1046 1771 Dei
1065 1698 1226 1795 gratiam

126 1798 261 1912 missa,
279 1797 458 1871 tollentes
475 1797 700 1873 vestimenta
720 1799 773 1871 alt
758 1797 850 1870 taris
864 1808 902 1874 et
914 1796 1134 1871 indumenta
1148 1821 1226 1869 orn-

128 1897 194 1971 nia
221 1908 493 1996 componentes
521 1898 558 1970 in
586 1899 767 1998 angulum
791 1897 995 1971 sanctuarii
1020 1900 1225 1996 deponunt,

1 1981 2 2003 ¹
69 2078 76 2088 ,
125 2008 170 2073 et
187 1998 436 2072 consedentes
455 1999 606 2072 simul
596 2024 633 2071 m
659 1999 742 2100 ipso
762 1999 920 2113 αηξυΗΙο
922 2021 963 2072 se
983 1999 1225 2072 abscondunt.

1 2175 2 2185 χ
127 2099 213 2171 Hiis
232 2110 359 2172 autem
377 2099 438 2174 vix
457 2099 669 2213 completis,
701 2124 790 2174 ecce
816 2099 1056 2172 inimicorum
1073 2097 1226 2196 quidam

1 2240 12 2261 η·
125 2198 284 2274 veniens
299 2199 336 2272 in
351 2199 563 2297 ecclesiama
584 2199 803 2274 discurrit'
772 2225 1064 2297 circumquaque
1078 2209 1116 2272 et
1127 2223 1226 2298 pene

124 2324 250 2398 usque
266 2301 310 2372 ad
326 2300 595 2398 sanctuarium
610 2311 648 2376 et
662 2303 802 2374 nudum
817 2301 947 2375 videns
962 2300 1082 2374 altare
1096 2299 1226 2373 nichil-

127 2425 204 2499 que
235 2401 333 2498 quod
365 2425 476 2475 suum
508 2412 611 2476 esset
635 2401 684 2474 ibi
711 2401 861 2496 'videns
893 2400 1031 2499 inquit:
1076 2399 1157 2472 Bal
1189 2411 1227 2474 et

122 2501 242 2576 exivit
269 2504 313 2580 ad
339 2526 440 2575 suos,
494 2501 623 2601 Raptis
650 2501 777 2600 itaque
803 2457 999 2597 crinibus,
1027 2525 1099 2598 que
1126 2500 1226 2575 inve·

124 2611 277 2696 nerunt,
308 2603 487 2677 recedunt
503 2602 736 2677 Leththones
755 2603 941 2702 perviam
960 2624 1081 2696 suam,
1109 2611 1146 2674 et
1162 2601 1224 2673 vix

123 2701 182 2775 illi
201 2701 342 2776 curiam
366 2704 536 2777 exierant
553 2713 592 2777 et
609 2727 698 2778 ecce
722 2703 795 2775 alia
814 2701 952 2776 turba'
943 2724 1133 2814 ipsorumq
1143 2701 1224 2799 plu-

123 2826 189 2876 res
209 2802 396 2900 prioribus
413 2803 608 2878 venientes
628 2813 665 2877 et
683 2805 838 2876 domum
856 2799 1133 2900 despoliatam
1123 2826 1223 2875 mve-

124 2903 275 2978 nientes
293 2915 379 3003 post
397 2904 492 2977 alios
512 2903 703 2999 festinant⁷
729 2927 888 3002 quorum
906 2926 1003 2976 unus
1022 2901 1223 2976 ecclesiam

1 2987 2 3022 ³
65 3025 75 3042 ·
122 3004 271 3076 intrans
297 3014 335 3078 et
359 3007 404 3077 ab
431 3029 527 3103 equo
555 3029 624 3078 suo
653 3029 728 3078 non
754 3004 1000 3101 descendens,
1034 3003 1253 3101 nichilque

123 3104 174 3178 ad
192 3105 415 3203 rapiendum
433 3104 627 3180 inveniens
641 3104 803 3203 illosque
818 3105 856 3178 in
870 3103 1010 3204 angulo
1030 3103 1222 3178 latitantes

123 3205 320 3318 ignorans,
351 3206 487 3280 iterum
516 3205 651 3280 festine
675 3206 845 3280 recessit.
896 3205 1076 3279 Veniente
1101 3204 1224 3278 adhuc

123 3305 244 3379 tercia
270 3305 483 3379 Lethonum
511 3305 604 3404 acie
632 3330 727 3380 unus
756 3331 801 3380 ex
828 3306 938 3380 eisin
956 3304 1132 3380 vehiculo
1152 3328 1221 3377 suo

123 3406 277 3504 sedens
304 3407 503 3481 eeclesiam
529 3362 757 3481 trairseundo
784 3406 1000 3480 sacerdotes
1027 3429 1102 3478 non
1120 3404 1223 3480 vidit.

124 3505 185 3578 llli
217 3460 345 3580 aulem
374 3507 516 3607 gratias
547 3497 627 3581 Deo
657 3509 878 3610 relerentes,
910 3531 955 3579 eo
987 3504 1127 3603 quod
1117 3527 1222 3604 ipsos

123 3630 242 3680 sanos
262 3617 299 3680 et
317 3607 525 3682 incolumes
544 3617 631 3682 ante
656 3603 808 3681 faciem
812 3630 1047 3720 paganorum
1073 3628 1224 3679 conser-

122 3718 292 3803 vaverat,
319 3720 406 3808 post
424 3707 660 3783 discessum
649 3731 820 3821 ipsorum
840 3708 939 3781 circa
956 3729 1156 3804 vesperam
1175 3708 1221 3780 ab

120 3808 290 3883 ecclesia
308 3809 452 3908 egressi
479 3810 525 3882 ad
552 3809 667 3882 silvas
691 3807 853 3906 fugiunt
881 3818 919 3882 et
941 3805 1065 3879 triduo
1111 3829 1222 3880 anem

122 3933 201 3982 non
220 3910 478 4007 comedentes,
503 3917 637 4007 quarto
657 3909 716 3982 die
735 3907 869 4022 lligarn
887 3907 1053 3982 veniunt.
1084 3831 1223 3981 letho·

153 4033 193 4083 es
212 4035 319 4106 vero,
346 4009 507 4125 spoliata
533 4019 613 4084 tota
639 4008 832 4108 provincia
857 4008 895 4082 in
914 4007 1084 4103 circuitu,
1110 4018 1222 4082 nocte

162 4110 377 4209 ›lliguntur
368 4136 405 4183 m
420 4110 583 4183 nnumin
597 4110 685 4185 villa
699 4109 880 4208 Annonis,
895 4121 932 4184 et
946 4133 1096 4184 summo
1112 4134 1223 4182 mane

150 4222 307 4286 xeuntes
335 4212 380 4286 de
404 4220 517 4309 terra,
546 4211 725 4285 mulieres
753 4220 792 4285 et
813 4211 992 4310 parvulos
1012 4221 1050 4384 e5t
1067 4210 1223 4308 predam
