3016 5016
274 447 277 452 ⁵
330 507 377 578 ιο
479 505 990 582 ιιιιιιιιιιοιιιιιιοιιιοοι
1019 508 1271 583 cruorum.

326 703 563 804 Responsum
583 733 672 781 vero
701 717 771 803 est
799 732 843 781 ea
871 711 940 781 sub
959 710 1194 807 protectione
1221 711 1427 810 apostolici

280 882 283 888 ,
327 808 607 921 comprehendi,
638 807 700 904 qui
728 809 1075 924 peregrinacionem
1102 810 1298 906 Lyvonie
1288 838 1326 885 m
1345 813 1425 911 ple-

327 906 472 982 narium
507 909 769 1006 peccaminum
807 910 1069 984 remissionem
1108 910 1327 1012 iniungens,
1364 912 1427 988 vic

270 1093 272 1098 ,
327 1008 527 1105 coequavit
512 1008 894 1084 tlerosolimttanett

244 1205 313 1289 (NJ
401 1211 508 1281 Anno
529 1211 694 1282 secundo
715 1210 772 1282 sui
800 1211 1041 1308 episcopatus
1061 1237 1147 1286 cum
1166 1214 1305 1288 comite
1324 1213 1424 1286 Con·

237 1290 416 1382 1²⁰⁰·rado
444 1310 490 1383 de
516 1308 756 1384 Tremonia⁸⁰
783 1323 826 1384 et
845 1311 1029 1384 Harberto
1056 1313 1101 1386 de
1120 1313 1306 1387 Yborch⁶¹
1334 1339 1424 1387 cum

325 1409 453 1483 multis
481 1411 689 1508 peregrinis
707 1411 745 1483 in
762 1410 968 1505 Lyvoniam
979 1413 1100 1509 vadit,
1127 1413 1270 1489 habens
1289 1439 1422 1488 secum

263 1511 362 1603 (tlin
381 1510 562 1583 comitatu
583 1515 630 1585 23
645 1535 771 1585 naves.
809 1512 898 1584 Post
913 1511 1128 1610 ingressum
1144 1514 1253 1590 Dune
1271 1539 1313 1588 se
1332 1539 1424 1590 cum

264 1669 266 1673 -
326 1611 499 1685 omnibus
528 1611 606 1684 suis
632 1610 711 1684 Deo
741 1614 1009 1689 commendans
1035 1616 1080 1687 ad
1100 1625 1266 1688 castrum
1285 1615 1426 1690 Holme

325 1709 576 1810 proficiscitur
602 1723 639 1786 et
665 1713 750 1787 inde
769 1714 989 1810 procedens
1016 1714 1272 1789 Ykescolam
1262 1741 1317 1789 rre
1336 1741 1425 1814 pro-

323 1811 445 1910 ponit
473 1813 537 1886 sed
565 1812 738 1908 Lyvones
764 1815 945 1886 insultum
971 1815 1191 1890 facientes
1181 1842 1219 1888 m
1247 1840 1422 1914 ascensu

324 1913 546 2011 quibusdam
578 1914 806 2012 vulneratis
846 1915 1042 1989 Nicolaum
1069 1919 1307 1991 sacerdotem
1333 1943 1422 1990 cum

325 2013 407 2086 aliis
434 2013 619 2086 occidunt.
665 2014 875 2114 Episcopus
902 2026 1030 2090 tamen
1060 2026 1097 2090 et
1124 2018 1194 2115 sui,
1226 2018 1315 2092 licet
1332 2042 1421 2092 cum

301 2197 302 2208 χ
324 2114 541 2211 dificultate,
568 2115 796 2189 Ykescolam
816 2117 1050 2230 perveniunt
1086 2116 1191 2232 Quos
1205 2107 1341 2193 fratres
1355 2119 1425 2190 ibi-

324 2217 410 2292 dem
425 2227 617 2290 morantes
636 2242 658 2288 a
676 2227 848 2314 tempore
865 2216 973 2315 primi
993 2218 1160 2317 episcopi
1187 2230 1225 2292 et
1252 2219 1314 2293 alii
1333 2245 1421 2293 cum

324 2316 462 2414 gaudio
487 2316 706 2415 suscipiunt.
750 2317 907 2390 Collecti
933 2318 1106 2414 Lyvones
1130 2319 1317 2393 ibidem
1285 2345 1421 2419 pacem

325 2443 412 2491 cum
438 2417 681 2491 Tbeutonicis
710 2420 755 2490 ad
783 2428 859 2491 tres
889 2417 967 2492 dies
992 2419 1155 2516 faciunt
1183 2420 1249 2494 sed
1275 2421 1420 2518 dolose,

324 2528 385 2591 ut
408 2541 520 2591 suum
563 2517 792 2602 videlicet
782 2519 932 2593 interim
978 2522 1184 2594 exercitum
1228 2521 1418 2621 colligant.

262 2618 522 2718 [3.t)Pace
446 2621 544 2692 facta
555 2619 800 2717 episcopus
828 2620 1006 2692 Holmam
1033 2601 1226 2694 descendit
1262 2632 1300 2694 et
1335 2623 1420 2721 paci

323 2719 516 2793 conlidens
543 2744 640 2832 pro
638 2720 727 2800 sede
752 2731 878 2794 suaet
902 2719 1180 2834 pontificalibus
1198 2732 1237 2795 et
1253 2722 1337 2796 aliis
1357 2748 1420 2798 ne·

323 2819 498 2902 cessariis
530 2818 688 2892 nuncios
716 2821 761 2892 ad
789 2844 905 2894 naves
932 2821 969 2892 in
1002 2819 1255 2896 Dunemuude
1280 2823 1418 2922 dirigit

322 2921 384 3018 qui
403 2944 533 2994 secum
548 2920 752 3034 assumptis
771 2945 844 3034 que
858 2921 1046 3019 volebant,
1065 2947 1172 3019 quasi
1164 2922 1260 2996 sub
1279 2949 1420 3022 magna

225 3109 227 3112 ,
321 3021 524 3094 securitate
543 3020 659 3118 paciS,
688 3045 756 3119 per
779 3019 879 3093 viam
905 3045 978 3118 qua
1006 3024 1278 3098 descenderant
1294 3027 1432 3098 rever

319 3131 460 3194 tuntur.
498 3121 538 3193 ln
559 3147 631 3219 qua
658 3132 744 3220 post
763 3145 964 3195 ascensum
984 3122 1216 3221 Rumbule⁶²
1243 3124 1419 3220 Lyvones

320 3247 455 3335 pacem
473 3221 732 3320 infringentes7
762 3245 827 3294 eos
847 3223 1012 3320 graviter
1030 3223 1266 3338 impugnant
1286 3236 1324 3299 et
1342 3252 1417 3300 una

319 3348 405 3396 navi
397 3322 661 3396 retrocedent
647 3333 683 3396 te
703 3333 740 3396 et
755 3325 948 3420 evadente,
969 3323 1082 3396 aliam
1102 3325 1255 3423 capiunt
1273 3335 1310 3400 et
1320 3352 1418 3424 pene
1470 3373 1480 3405 ·.

320 3447 452 3496 omnes
471 3423 508 3496 in
528 3449 572 3498 ea
592 3423 795 3497 existentes
815 3423 990 3497 occidunt
975 3434 1046 3498 tet
1063 3425 1115 3498 ita
1135 3425 1311 3498 Holmam
1331 3452 1418 3524 pro-

319 3526 452 3598 cedent
438 3535 496 3598 tes
506 3525 763 3622 ‚episcopum
788 3548 873 3598 cum
901 3524 978 3597 suis
1005 3525 1195 3600 obsident.
1232 3526 1302 3600 Ubi
1329 3552 1417 3601 cum

319 3624 463 3700 obsessi
487 3650 556 3698 nec
581 3624 650 3698 sibi
678 3649 748 3698 nec
775 3625 880 3723 equis
906 3637 1059 3724 pastum
1089 3627 1289 3725 haberent,
1322 3628 1416 3702 satis

319 3725 519 3824 angustiati
539 3727 690 3799 tandem
705 3737 846 3798 terram
860 3726 1046 3822 fodientes
1065 3727 1102 3798 in
1121 3727 1278 3801 diversis
1293 3728 1416 3802 foveis

317 3851 505 3899 annonam
532 3826 790 3924 plurimam'et
818 3827 956 3900 cibaria
975 3829 1212 3902 invenerunt·
1259 3828 1417 3905 lnterim

316 3927 343 3998 F
346 3926 492 4001 risoncs
508 3952 593 3999 cum
612 3953 686 4000 una
706 3939 853 4000 tantum
874 3928 959 4002 navi
978 3927 1130 4002 vtenien
1115 3940 1185 4026 tec,
1206 3939 1243 4003 ct
1261 3942 1416 4029 segetes

288 4109 360 4175 .59)
381 4107 422 4164 Cl.
436 4110 534 4164 bullam
550 4110 699 4166 lunoceutn
713 4111 763 4175 ΙΙΙ
787 4111 863 4164 1199.
884 4111 983 4166 octo
1005 4114 1075 4182 apud
1093 4110 1200 4184 Bunge,
1220 4112 1297 4177 Lir-‚
1322 4111 1414 4167 Ehst-

314 4185 370 4236 und
396 4182 604 4238 Curld'ndiscbcs
628 4182 851 4238 Urlrundenbuch
878 4185 904 4247 l,
934 4185 974 4238 14
1004 4185 1044 4241 15
1176 4187 1220 4258 60)
1246 4186 1412 4242 Dortmuud.

313 4255 357 4328 61)
380 4257 467 4326 lburg.
579 4258 622 4329 62)
643 4257 725 4312 bodie
744 4257 920 4312 Rummcl..
