<?xml version="1.0" encoding="UTF-8"?>
<!DOCTYPE html PUBLIC "-//W3C//DTD XHTML 1.0 Transitional//EN"
    "http://www.w3.org/TR/xhtml1/DTD/xhtml1-transitional.dtd">
<html xmlns="http://www.w3.org/1999/xhtml" xml:lang="en" lang="en">
 <head>
  <title>
</title>
<meta http-equiv="Content-Type" content="text/html;charset=utf-8" />
  <meta name='ocr-system' content='tesseract 3.04.00' />
  <meta name='ocr-capabilities' content='ocr_page ocr_carea ocr_par ocr_line ocrx_word'/>
</head>
<body>
  <div class='ocr_page' id='page_1' title='image "./heinricichronic00arndgoog_0122.png"; bbox 0 0 3104 5012; ppageno 0'>
   <div class='ocr_carea' id='block_1_1' title="bbox 324 457 1406 543">
    <p class='ocr_par' dir='ltr' id='par_1_1' title="bbox 324 457 1406 543">
     <span class='ocr_line' id='line_1_1' title="bbox 324 457 1406 543; baseline -0.007 0"><span class='ocrx_word' id='word_1_1' title='bbox 324 472 373 543; x_wconf 76' lang='lat' dir='ltr'><strong>bl</strong></span> <span class='ocrx_word' id='word_1_2' title='bbox 468 463 681 538; x_wconf 83' lang='lat' dir='ltr'><strong>HElNRlCl</strong></span> <span class='ocrx_word' id='word_1_3' title='bbox 709 461 986 536; x_wconf 84' lang='lat' dir='ltr'><strong>CHRONICON</strong></span> <span class='ocrx_word' id='word_1_4' title='bbox 1013 463 1266 538; x_wconf 82' lang='lat' dir='ltr'><strong>LYVONlAE.</strong></span> <span class='ocrx_word' id='word_1_5' title='bbox 1402 457 1406 460; x_wconf 66' lang='grc'><strong>’</strong></span> 
     </span>
    </p>
   </div>
   <div class='ocr_carea' id='block_1_2' title="bbox 246 629 1426 1265">
    <p class='ocr_par' dir='ltr' id='par_1_2' title="bbox 246 629 1426 1265">
     <span class='ocr_line' id='line_1_2' title="bbox 326 629 1425 765; baseline -0.001 -24"><span class='ocrx_word' id='word_1_6' title='bbox 326 669 373 741; x_wconf 91' lang='lat' dir='ltr'><strong>de</strong></span> <span class='ocrx_word' id='word_1_7' title='bbox 390 665 544 765; x_wconf 73' lang='lat' dir='ltr'><strong>populo,</strong></span> <span class='ocrx_word' id='word_1_8' title='bbox 564 672 601 737; x_wconf 91' lang='lat' dir='ltr'><strong>et</strong></span> <span class='ocrx_word' id='word_1_9' title='bbox 618 664 719 735; x_wconf 82' lang='lat' dir='ltr'><strong>facto</strong></span> <span class='ocrx_word' id='word_1_10' title='bbox 739 663 897 762; x_wconf 86' lang='lat' dir='ltr'><strong>strepitu</strong></span> <span class='ocrx_word' id='word_1_11' title='bbox 912 663 1087 762; x_wconf 79' lang='lat' dir='ltr'><strong>quodam,</strong></span> <span class='ocrx_word' id='word_1_12' title='bbox 1106 687 1193 738; x_wconf 92' lang='lat' dir='ltr'><strong>cum</strong></span> <span class='ocrx_word' id='word_1_13' title='bbox 1213 629 1382 740; x_wconf 79' lang='lat' dir='ltr'><strong>clamore</strong></span> <span class='ocrx_word' id='word_1_14' title='bbox 1401 665 1425 740; x_wconf 84' lang='lat' dir='ltr'><strong>a</strong></span> 
     </span>
     <span class='ocr_line' id='line_1_3' title="bbox 326 763 1424 865; baseline 0 -26"><span class='ocrx_word' id='word_1_15' title='bbox 326 766 509 840; x_wconf 88' lang='lat' dir='ltr'><strong>Ruthenis</strong></span> <span class='ocrx_word' id='word_1_16' title='bbox 536 763 607 861; x_wconf 90' lang='lat' dir='ltr'><strong>ipsi</strong></span> <span class='ocrx_word' id='word_1_17' title='bbox 633 773 789 861; x_wconf 89' lang='lat' dir='ltr'><strong>repente</strong></span> <span class='ocrx_word' id='word_1_18' title='bbox 817 787 902 836; x_wconf 90' lang='lat' dir='ltr'><strong>cum</strong></span> <span class='ocrx_word' id='word_1_19' title='bbox 929 763 1061 862; x_wconf 88' lang='lat' dir='ltr'><strong>spoliis</strong></span> <span class='ocrx_word' id='word_1_20' title='bbox 1090 776 1236 839; x_wconf 90' lang='lat' dir='ltr'><strong>etcum</strong></span> <span class='ocrx_word' id='word_1_21' title='bbox 1263 766 1424 865; x_wconf 91' lang='lat' dir='ltr'><strong>captivis</strong></span> 
     </span>
     <span class='ocr_line' id='line_1_4' title="bbox 327 862 1426 964; baseline 0 -25"><span class='ocrx_word' id='word_1_22' title='bbox 327 866 549 964; x_wconf 90' lang='lat' dir='ltr'><strong>quibusdam</strong></span> <span class='ocrx_word' id='word_1_23' title='bbox 563 863 752 962; x_wconf 88' lang='lat' dir='ltr'><strong>fugientes</strong></span> <span class='ocrx_word' id='word_1_24' title='bbox 768 862 959 937; x_wconf 89' lang='lat' dir='ltr'><strong>redierunt</strong></span> <span class='ocrx_word' id='word_1_25' title='bbox 977 864 1015 937; x_wconf 93' lang='lat' dir='ltr'><strong>in</strong></span> <span class='ocrx_word' id='word_1_26' title='bbox 1028 865 1279 963; x_wconf 77' lang='lat' dir='ltr'><strong>Ungauniam,</strong></span> <span class='ocrx_word' id='word_1_27' title='bbox 1299 877 1337 939; x_wconf 91' lang='lat' dir='ltr'><strong>et</strong></span> <span class='ocrx_word' id='word_1_28' title='bbox 1350 867 1426 939; x_wconf 86' lang='lat' dir='ltr'><strong>Ru·</strong></span> 
     </span>
     <span class='ocr_line' id='line_1_5' title="bbox 326 963 1423 1065; baseline -0.001 -24"><span class='ocrx_word' id='word_1_29' title='bbox 326 966 431 1041; x_wconf 91' lang='lat' dir='ltr'><strong>theni</strong></span> <span class='ocrx_word' id='word_1_30' title='bbox 444 964 587 1039; x_wconf 89' lang='lat' dir='ltr'><strong>reversi</strong></span> <span class='ocrx_word' id='word_1_31' title='bbox 599 964 823 1038; x_wconf 90' lang='lat' dir='ltr'><strong>invenerunt</strong></span> <span class='ocrx_word' id='word_1_32' title='bbox 833 963 1022 1038; x_wconf 87' lang='lat' dir='ltr'><strong>civitatem</strong></span> <span class='ocrx_word' id='word_1_33' title='bbox 1035 988 1144 1038; x_wconf 90' lang='lat' dir='ltr'><strong>suam</strong></span> <span class='ocrx_word' id='word_1_34' title='bbox 1158 967 1423 1065; x_wconf 82' lang='lat' dir='ltr'><strong>despoliatam.</strong></span> 
     </span>
     <span class='ocr_line' id='line_1_6' title="bbox 246 1063 1426 1265; baseline -0.001 -26"><span class='ocrx_word' id='word_1_35' title='bbox 246 1063 1426 1265; x_wconf 54' lang='lat' dir='ltr'><strong>butt?ttttttttttttttlttttttttttl·</strong></span> 
     </span>
     <span class='ocr_line' id='line_1_7' title="bbox 725 1208 1426 1264; baseline 0.007 -5"><span class='ocrx_word' id='word_1_36' title='bbox 725 1209 741 1259; x_wconf 72' lang='grc' dir='ltr'>τ</span> <span class='ocrx_word' id='word_1_37' title='bbox 1310 1223 1321 1264; x_wconf 80' lang='lat' dir='ltr'><strong>t</strong></span> <span class='ocrx_word' id='word_1_38' title='bbox 1411 1208 1426 1222; x_wconf 87' lang='lat'>’</span> 
     </span>
    </p>
   </div>
   <div class='ocr_carea' id='block_1_3' title="bbox 328 1264 1531 1361">
    <p class='ocr_par' dir='ltr' id='par_1_3' title="bbox 328 1264 1531 1361">
     <span class='ocr_line' id='line_1_8' title="bbox 328 1264 1531 1361; baseline -0.002 -20"><span class='ocrx_word' id='word_1_39' title='bbox 328 1270 451 1341; x_wconf 88' lang='lat' dir='ltr'><strong>lorum</strong></span> <span class='ocrx_word' id='word_1_40' title='bbox 470 1265 708 1339; x_wconf 89' lang='lat' dir='ltr'><strong>incommoda</strong></span> <span class='ocrx_word' id='word_1_41' title='bbox 725 1264 973 1361; x_wconf 73' lang='lat' dir='ltr'><strong>fastidientes,</strong></span> <span class='ocrx_word' id='word_1_42' title='bbox 999 1265 1184 1341; x_wconf 89' lang='lat' dir='ltr'><strong>miserunt</strong></span> <span class='ocrx_word' id='word_1_43' title='bbox 1208 1268 1367 1342; x_wconf 85' lang='lat' dir='ltr'><strong>nuncios</strong></span> <span class='ocrx_word' id='word_1_44' title='bbox 1386 1267 1426 1340; x_wconf 91' lang='lat' dir='ltr'><strong>in</strong></span> <span class='ocrx_word' id='word_1_45' title='bbox 1530 1343 1531 1348; x_wconf 64' lang='lat'>,</span> 
     </span>
    </p>
   </div>
   <div class='ocr_carea' id='block_1_4' title="bbox 195 1364 1531 3270">
    <p class='ocr_par' dir='ltr' id='par_1_4' title="bbox 327 1364 1531 1640">
     <span class='ocr_line' id='line_1_9' title="bbox 327 1364 1531 1470; baseline -0.002 -30"><span class='ocrx_word' id='word_1_46' title='bbox 327 1368 501 1460; x_wconf 69' lang='lat' dir='ltr'><strong>invicem,</strong></span> <span class='ocrx_word' id='word_1_47' title='bbox 529 1375 566 1438; x_wconf 90' lang='lat' dir='ltr'><strong>et</strong></span> <span class='ocrx_word' id='word_1_48' title='bbox 592 1364 754 1439; x_wconf 83' lang='lat' dir='ltr'><strong>exclusis</strong></span> <span class='ocrx_word' id='word_1_49' title='bbox 773 1364 996 1462; x_wconf 87' lang='lat' dir='ltr'><strong>Rigensibos</strong></span> <span class='ocrx_word' id='word_1_50' title='bbox 1016 1367 1186 1441; x_wconf 90' lang='lat' dir='ltr'><strong>fecerunt</strong></span> <span class='ocrx_word' id='word_1_51' title='bbox 1208 1392 1354 1466; x_wconf 71' lang='lat' dir='ltr'><strong>pacem,</strong></span> <span class='ocrx_word' id='word_1_52' title='bbox 1388 1377 1429 1442; x_wconf 88' lang='lat' dir='ltr'><strong>et</strong></span> <span class='ocrx_word' id='word_1_53' title='bbox 1520 1401 1531 1470; x_wconf 50' lang='grc' dir='ltr'><strong>-ἶ</strong></span> 
     </span>
     <span class='ocr_line' id='line_1_10' title="bbox 329 1465 1531 1565; baseline -0.001 -23"><span class='ocrx_word' id='word_1_54' title='bbox 329 1465 564 1542; x_wconf 80' lang='lat' dir='ltr'><strong>cessantibus</strong></span> <span class='ocrx_word' id='word_1_55' title='bbox 582 1465 692 1538; x_wconf 91' lang='lat' dir='ltr'><strong>bellis</strong></span> <span class='ocrx_word' id='word_1_56' title='bbox 707 1465 905 1539; x_wconf 84' lang='lat' dir='ltr'><strong>confestim</strong></span> <span class='ocrx_word' id='word_1_57' title='bbox 921 1468 1042 1543; x_wconf 88' lang='lat' dir='ltr'><strong>fames</strong></span> <span class='ocrx_word' id='word_1_58' title='bbox 1060 1467 1332 1565; x_wconf 86' lang='lat' dir='ltr'><strong>hominumque</strong></span> <span class='ocrx_word' id='word_1_59' title='bbox 1347 1493 1427 1543; x_wconf 82' lang='lat' dir='ltr'><strong>ces·</strong></span> <span class='ocrx_word' id='word_1_60' title='bbox 1530 1479 1531 1486; x_wconf 78' lang='grc'>’</span> 
     </span>
     <span class='ocr_line' id='line_1_11' title="bbox 331 1564 667 1640; baseline -0.012 0"><span class='ocrx_word' id='word_1_61' title='bbox 331 1568 428 1640; x_wconf 90' lang='lat' dir='ltr'><strong>savit</strong></span> <span class='ocrx_word' id='word_1_62' title='bbox 447 1564 667 1638; x_wconf 87' lang='lat' dir='ltr'><strong>mortalitas.</strong></span> 
     </span>
    </p>

    <p class='ocr_par' dir='ltr' id='par_1_5' title="bbox 249 1665 1531 2369">
     <span class='ocr_line' id='line_1_12' title="bbox 249 1665 1429 1770; baseline -0.003 -30"><span class='ocrx_word' id='word_1_63' title='bbox 249 1686 341 1770; x_wconf 61' lang='lat' dir='ltr'><strong>(pap</strong></span> <span class='ocrx_word' id='word_1_64' title='bbox 407 1667 496 1740; x_wconf 88' lang='lat' dir='ltr'><strong>Post</strong></span> <span class='ocrx_word' id='word_1_65' title='bbox 513 1666 596 1762; x_wconf 72' lang='lat' dir='ltr'><strong>bec,</strong></span> <span class='ocrx_word' id='word_1_66' title='bbox 623 1666 791 1738; x_wconf 89' lang='lat' dir='ltr'><strong>resoluta</strong></span> <span class='ocrx_word' id='word_1_67' title='bbox 809 1665 930 1763; x_wconf 90' lang='lat' dir='ltr'><strong>glacie</strong></span> <span class='ocrx_word' id='word_1_68' title='bbox 948 1667 1064 1740; x_wconf 87' lang='lat' dir='ltr'><strong>maris</strong></span> <span class='ocrx_word' id='word_1_69' title='bbox 1084 1678 1122 1742; x_wconf 93' lang='lat' dir='ltr'><strong>et</strong></span> <span class='ocrx_word' id='word_1_70' title='bbox 1139 1666 1260 1763; x_wconf 60' lang='lat' dir='ltr'><strong>Dune,</strong></span> <span class='ocrx_word' id='word_1_71' title='bbox 1284 1665 1429 1740; x_wconf 90' lang='lat' dir='ltr'><strong>reversi</strong></span> 
     </span>
     <span class='ocr_line' id='line_1_13' title="bbox 332 1764 1428 1865; baseline -0.002 -25"><span class='ocrx_word' id='word_1_72' title='bbox 332 1767 474 1840; x_wconf 86' lang='lat' dir='ltr'><strong>suntin</strong></span> <span class='ocrx_word' id='word_1_73' title='bbox 493 1764 769 1838; x_wconf 86' lang='lat' dir='ltr'><strong>Theuthoniam</strong></span> <span class='ocrx_word' id='word_1_74' title='bbox 788 1766 989 1865; x_wconf 91' lang='lat' dir='ltr'><strong>episcopus</strong></span> <span class='ocrx_word' id='word_1_75' title='bbox 1007 1768 1207 1842; x_wconf 92' lang='lat' dir='ltr'><strong>Verdensis</strong></span> <span class='ocrx_word' id='word_1_76' title='bbox 1227 1779 1264 1842; x_wconf 92' lang='lat' dir='ltr'><strong>et</strong></span> <span class='ocrx_word' id='word_1_77' title='bbox 1283 1767 1428 1865; x_wconf 89' lang='lat' dir='ltr'><strong>episco·</strong></span> 
     </span>
     <span class='ocr_line' id='line_1_14' title="bbox 331 1866 1430 1966; baseline 0.003 -26"><span class='ocrx_word' id='word_1_78' title='bbox 331 1890 402 1966; x_wconf 87' lang='lat' dir='ltr'><strong>pus</strong></span> <span class='ocrx_word' id='word_1_79' title='bbox 417 1866 746 1941; x_wconf 89' lang='lat' dir='ltr'><strong>Pathelbornensis</strong></span> <span class='ocrx_word' id='word_1_80' title='bbox 761 1891 848 1939; x_wconf 90' lang='lat' dir='ltr'><strong>cum</strong></span> <span class='ocrx_word' id='word_1_81' title='bbox 861 1868 1072 1965; x_wconf 84' lang='lat' dir='ltr'><strong>peregrinis</strong></span> <span class='ocrx_word' id='word_1_82' title='bbox 1087 1869 1178 1966; x_wconf 76' lang='lat' dir='ltr'><strong>suis,</strong></span> <span class='ocrx_word' id='word_1_83' title='bbox 1194 1879 1231 1942; x_wconf 92' lang='lat' dir='ltr'><strong>et</strong></span> <span class='ocrx_word' id='word_1_84' title='bbox 1244 1867 1430 1942; x_wconf 83' lang='lat' dir='ltr'><strong>remansit</strong></span> 
     </span>
     <span class='ocr_line' id='line_1_15' title="bbox 331 1965 1431 2068; baseline 0.001 -28"><span class='ocrx_word' id='word_1_85' title='bbox 331 1971 369 2040; x_wconf 92' lang='lat' dir='ltr'><strong>in</strong></span> <span class='ocrx_word' id='word_1_86' title='bbox 384 1967 480 2066; x_wconf 89' lang='lat' dir='ltr'><strong>Riga</strong></span> <span class='ocrx_word' id='word_1_87' title='bbox 492 1966 684 2065; x_wconf 90' lang='lat' dir='ltr'><strong>Philippus</strong></span> <span class='ocrx_word' id='word_1_88' title='bbox 699 1965 1000 2065; x_wconf 87' lang='lat' dir='ltr'><strong>Raceburgensis</strong></span> <span class='ocrx_word' id='word_1_89' title='bbox 1015 1968 1228 2068; x_wconf 79' lang='lat' dir='ltr'><strong>episcopus,</strong></span> <span class='ocrx_word' id='word_1_90' title='bbox 1247 1968 1311 2066; x_wconf 93' lang='lat' dir='ltr'><strong>qui</strong></span> <span class='ocrx_word' id='word_1_91' title='bbox 1329 1967 1431 2041; x_wconf 87' lang='lat' dir='ltr'><strong>inter</strong></span> 
     </span>
     <span class='ocr_line' id='line_1_16' title="bbox 332 2066 1531 2166; baseline -0.001 -26"><span class='ocrx_word' id='word_1_92' title='bbox 332 2091 503 2141; x_wconf 88' lang='lat' dir='ltr'><strong>summos</strong></span> <span class='ocrx_word' id='word_1_93' title='bbox 521 2067 645 2140; x_wconf 87' lang='lat' dir='ltr'><strong>fuerat</strong></span> <span class='ocrx_word' id='word_1_94' title='bbox 662 2066 699 2139; x_wconf 92' lang='lat' dir='ltr'><strong>in</strong></span> <span class='ocrx_word' id='word_1_95' title='bbox 718 2067 822 2141; x_wconf 87' lang='lat' dir='ltr'><strong>curia</strong></span> <span class='ocrx_word' id='word_1_96' title='bbox 840 2066 1078 2165; x_wconf 88' lang='lat' dir='ltr'><strong>imperatoris</strong></span> <span class='ocrx_word' id='word_1_97' title='bbox 1097 2069 1259 2166; x_wconf 71' lang='lat' dir='ltr'><strong>Ottonis,</strong></span> <span class='ocrx_word' id='word_1_98' title='bbox 1283 2077 1321 2142; x_wconf 89' lang='lat' dir='ltr'><strong>et</strong></span> <span class='ocrx_word' id='word_1_99' title='bbox 1340 2092 1427 2140; x_wconf 92' lang='lat' dir='ltr'><strong>cum</strong></span> <span class='ocrx_word' id='word_1_100' title='bbox 1528 2069 1531 2160; x_wconf 71' lang='lat' dir='ltr'>j</span> 
     </span>
     <span class='ocr_line' id='line_1_17' title="bbox 332 2166 1430 2244; baseline -0.001 -3"><span class='ocrx_word' id='word_1_101' title='bbox 332 2167 517 2242; x_wconf 88' lang='lat' dir='ltr'><strong>sententia</strong></span> <span class='ocrx_word' id='word_1_102' title='bbox 537 2166 936 2241; x_wconf 85' lang='lat' dir='ltr'><strong>excommonicationis</strong></span> <span class='ocrx_word' id='word_1_103' title='bbox 964 2181 1096 2243; x_wconf 88' lang='lat' dir='ltr'><strong>contra</strong></span> <span class='ocrx_word' id='word_1_104' title='bbox 1122 2195 1209 2244; x_wconf 92' lang='lat' dir='ltr'><strong>eum</strong></span> <span class='ocrx_word' id='word_1_105' title='bbox 1236 2171 1313 2243; x_wconf 87' lang='lat' dir='ltr'><strong>lata</strong></span> <span class='ocrx_word' id='word_1_106' title='bbox 1337 2167 1430 2241; x_wconf 90' lang='lat' dir='ltr'><strong>fuis·</strong></span> 
     </span>
     <span class='ocr_line' id='line_1_18' title="bbox 333 2266 1531 2369; baseline -0.003 -29"><span class='ocrx_word' id='word_1_107' title='bbox 333 2266 440 2364; x_wconf 64' lang='lat' dir='ltr'><strong>settt,</strong></span> <span class='ocrx_word' id='word_1_108' title='bbox 468 2267 548 2366; x_wconf 90' lang='lat' dir='ltr'><strong>ipse</strong></span> <span class='ocrx_word' id='word_1_109' title='bbox 567 2270 612 2340; x_wconf 93' lang='lat' dir='ltr'><strong>ob</strong></span> <span class='ocrx_word' id='word_1_110' title='bbox 638 2267 831 2341; x_wconf 90' lang='lat' dir='ltr'><strong>vitandam</strong></span> <span class='ocrx_word' id='word_1_111' title='bbox 851 2268 1086 2366; x_wconf 85' lang='lat' dir='ltr'><strong>presenciam</strong></span> <span class='ocrx_word' id='word_1_112' title='bbox 1105 2271 1223 2369; x_wconf 89' lang='lat' dir='ltr'><strong>ipsius</strong></span> <span class='ocrx_word' id='word_1_113' title='bbox 1242 2293 1364 2367; x_wconf 90' lang='lat' dir='ltr'><strong>usque</strong></span> <span class='ocrx_word' id='word_1_114' title='bbox 1390 2267 1427 2340; x_wconf 95' lang='lat' dir='ltr'><strong>in</strong></span> <span class='ocrx_word' id='word_1_115' title='bbox 1529 2275 1531 2336; x_wconf 78' lang='lat' dir='ltr'><strong>j</strong></span> 
     </span>
    </p>

    <p class='ocr_par' dir='ltr' id='par_1_6' title="bbox 251 2363 1531 2475">
     <span class='ocr_line' id='line_1_19' title="bbox 251 2363 1531 2475; baseline -0.002 -32"><span class='ocrx_word' id='word_1_116' title='bbox 251 2391 322 2475; x_wconf 61' lang='lat'>(13)</span> <span class='ocrx_word' id='word_1_117' title='bbox 333 2378 508 2466; x_wconf 90' lang='lat' dir='ltr'><strong>quartum</strong></span> <span class='ocrx_word' id='word_1_118' title='bbox 533 2392 672 2440; x_wconf 91' lang='lat' dir='ltr'><strong>annum</strong></span> <span class='ocrx_word' id='word_1_119' title='bbox 691 2368 729 2441; x_wconf 93' lang='lat' dir='ltr'><strong>in</strong></span> <span class='ocrx_word' id='word_1_120' title='bbox 747 2368 913 2464; x_wconf 87' lang='lat' dir='ltr'><strong>Lyvonia</strong></span> <span class='ocrx_word' id='word_1_121' title='bbox 935 2370 1197 2468; x_wconf 83' lang='lat' dir='ltr'><strong>peregrinatus</strong></span> <span class='ocrx_word' id='word_1_122' title='bbox 1217 2381 1286 2444; x_wconf 91' lang='lat' dir='ltr'><strong>est.</strong></span> <span class='ocrx_word' id='word_1_123' title='bbox 1338 2369 1429 2441; x_wconf 91' lang='lat' dir='ltr'><strong>Post</strong></span> <span class='ocrx_word' id='word_1_124' title='bbox 1529 2363 1531 2410; x_wconf 71' lang='lat'><em>³</em></span> 
     </span>
    </p>

    <p class='ocr_par' dir='ltr' id='par_1_7' title="bbox 242 2468 1530 2668">
     <span class='ocr_line' id='line_1_20' title="bbox 242 2468 1430 2569; baseline -0.002 -27"><span class='ocrx_word' id='word_1_125' title='bbox 242 2475 321 2530; x_wconf 81' lang='lat' dir='ltr'><strong>Febr·</strong></span> <span class='ocrx_word' id='word_1_126' title='bbox 333 2493 492 2567; x_wconf 91' lang='lat' dir='ltr'><strong>quorum</strong></span> <span class='ocrx_word' id='word_1_127' title='bbox 518 2468 727 2542; x_wconf 87' lang='lat' dir='ltr'><strong>discessum</strong></span> <span class='ocrx_word' id='word_1_128' title='bbox 746 2469 908 2543; x_wconf 90' lang='lat' dir='ltr'><strong>Ruthcni</strong></span> <span class='ocrx_word' id='word_1_129' title='bbox 926 2473 971 2544; x_wconf 95' lang='lat' dir='ltr'><strong>de</strong></span> <span class='ocrx_word' id='word_1_130' title='bbox 998 2471 1218 2545; x_wconf 88' lang='lat' dir='ltr'><strong>Plocekowe</strong></span> <span class='ocrx_word' id='word_1_131' title='bbox 1244 2468 1430 2569; x_wconf 86' lang='lat' dir='ltr'><strong>indignati</strong></span> 
     </span>
     <span class='ocr_line' id='line_1_21' title="bbox 333 2567 1530 2668; baseline -0.002 -25"><span class='ocrx_word' id='word_1_132' title='bbox 333 2580 420 2643; x_wconf 89' lang='lat' dir='ltr'><strong>sunt</strong></span> <span class='ocrx_word' id='word_1_133' title='bbox 446 2580 577 2642; x_wconf 90' lang='lat' dir='ltr'><strong>contra</strong></span> <span class='ocrx_word' id='word_1_134' title='bbox 599 2567 883 2643; x_wconf 90' lang='lat' dir='ltr'><strong>Woldemarum</strong></span> <span class='ocrx_word' id='word_1_135' title='bbox 909 2572 1084 2668; x_wconf 90' lang='lat' dir='ltr'><strong>regulum</strong></span> <span class='ocrx_word' id='word_1_136' title='bbox 1111 2595 1234 2667; x_wconf 66' lang='lat' dir='ltr'><strong>suum7</strong></span> <span class='ocrx_word' id='word_1_137' title='bbox 1262 2569 1428 2668; x_wconf 93' lang='lat' dir='ltr'><strong>eoquod</strong></span> <span class='ocrx_word' id='word_1_138' title='bbox 1528 2581 1530 2598; x_wconf 56' lang='lat'><em>³</em></span> 
     </span>
    </p>

    <p class='ocr_par' dir='ltr' id='par_1_8' title="bbox 195 2668 1530 2770">
     <span class='ocr_line' id='line_1_22' title="bbox 195 2668 1530 2770; baseline -0.002 -26"><span class='ocrx_word' id='word_1_139' title='bbox 195 2723 202 2732; x_wconf 84' lang='lat'><em>-</em></span> <span class='ocrx_word' id='word_1_140' title='bbox 333 2670 451 2744; x_wconf 87' lang='lat' dir='ltr'><strong>filiam</strong></span> <span class='ocrx_word' id='word_1_141' title='bbox 469 2693 578 2742; x_wconf 86' lang='lat' dir='ltr'><strong>suam</strong></span> <span class='ocrx_word' id='word_1_142' title='bbox 596 2670 702 2742; x_wconf 89' lang='lat' dir='ltr'><strong>fratri</strong></span> <span class='ocrx_word' id='word_1_143' title='bbox 712 2668 742 2716; x_wconf 76' lang='lat'><strong>⁴⁷</strong></span> <span class='ocrx_word' id='word_1_144' title='bbox 761 2669 928 2768; x_wconf 88' lang='lat' dir='ltr'><strong>episcopi</strong></span> <span class='ocrx_word' id='word_1_145' title='bbox 948 2672 993 2745; x_wconf 93' lang='lat' dir='ltr'><strong>de</strong></span> <span class='ocrx_word' id='word_1_146' title='bbox 1012 2671 1108 2770; x_wconf 86' lang='lat' dir='ltr'><strong>lliga</strong></span> <span class='ocrx_word' id='word_1_147' title='bbox 1126 2671 1321 2746; x_wconf 87' lang='lat' dir='ltr'><strong>tradiderit</strong></span> <span class='ocrx_word' id='word_1_148' title='bbox 1338 2693 1428 2743; x_wconf 87' lang='lat' dir='ltr'><strong>uxo·</strong></span> <span class='ocrx_word' id='word_1_149' title='bbox 1529 2675 1530 2680; x_wconf 77' lang='grc'>’</span> 
     </span>
    </p>

    <p class='ocr_par' dir='ltr' id='par_1_9' title="bbox 332 2767 1433 2868">
     <span class='ocr_line' id='line_1_23' title="bbox 332 2767 1433 2868; baseline -0.001 -25"><span class='ocrx_word' id='word_1_150' title='bbox 332 2795 427 2868; x_wconf 77' lang='lat' dir='ltr'><strong>rem,</strong></span> <span class='ocrx_word' id='word_1_151' title='bbox 453 2767 715 2868; x_wconf 77' lang='lat' dir='ltr'><strong>expulerunt⁴⁸</strong></span> <span class='ocrx_word' id='word_1_152' title='bbox 734 2795 821 2843; x_wconf 90' lang='lat' dir='ltr'><strong>eum</strong></span> <span class='ocrx_word' id='word_1_153' title='bbox 845 2771 890 2844; x_wconf 89' lang='lat' dir='ltr'><strong>de</strong></span> <span class='ocrx_word' id='word_1_154' title='bbox 909 2771 1060 2846; x_wconf 89' lang='lat' dir='ltr'><strong>civitate</strong></span> <span class='ocrx_word' id='word_1_155' title='bbox 1080 2798 1165 2845; x_wconf 91' lang='lat' dir='ltr'><strong>cum</strong></span> <span class='ocrx_word' id='word_1_156' title='bbox 1183 2771 1329 2846; x_wconf 89' lang='lat' dir='ltr'><strong>familia</strong></span> <span class='ocrx_word' id='word_1_157' title='bbox 1346 2785 1433 2844; x_wconf 56' lang='lat' dir='ltr'><strong>sua:</strong></span> 
     </span>
    </p>

    <p class='ocr_par' dir='ltr' id='par_1_10' title="bbox 333 2869 1428 2971">
     <span class='ocr_line' id='line_1_24' title="bbox 333 2869 1428 2971; baseline -0.002 -27"><span class='ocrx_word' id='word_1_158' title='bbox 333 2871 406 2958; x_wconf 86' lang='lat' dir='ltr'><strong>Qui</strong></span> <span class='ocrx_word' id='word_1_159' title='bbox 433 2869 657 2967; x_wconf 84' lang='lat' dir='ltr'><strong>confugiens</strong></span> <span class='ocrx_word' id='word_1_160' title='bbox 683 2871 728 2942; x_wconf 85' lang='lat' dir='ltr'><strong>ad</strong></span> <span class='ocrx_word' id='word_1_161' title='bbox 753 2895 883 2967; x_wconf 87' lang='lat' dir='ltr'><strong>regem</strong></span> <span class='ocrx_word' id='word_1_162' title='bbox 913 2873 959 2945; x_wconf 92' lang='lat' dir='ltr'><strong>de</strong></span> <span class='ocrx_word' id='word_1_163' title='bbox 985 2873 1167 2947; x_wconf 89' lang='lat' dir='ltr'><strong>Plosceke</strong></span> <span class='ocrx_word' id='word_1_164' title='bbox 1191 2896 1349 2971; x_wconf 89' lang='lat' dir='ltr'><strong>parvam</strong></span> <span class='ocrx_word' id='word_1_165' title='bbox 1381 2873 1428 2943; x_wconf 88' lang='lat' dir='ltr'><strong>ab</strong></span> 
     </span>
    </p>

    <p class='ocr_par' dir='ltr' id='par_1_11' title="bbox 333 2970 1520 3071">
     <span class='ocr_line' id='line_1_25' title="bbox 333 2970 1520 3071; baseline -0.001 -27"><span class='ocrx_word' id='word_1_166' title='bbox 333 2996 379 3044; x_wconf 94' lang='lat' dir='ltr'><strong>eo</strong></span> <span class='ocrx_word' id='word_1_167' title='bbox 405 2970 702 3043; x_wconf 88' lang='lat' dir='ltr'><strong>consolationem</strong></span> <span class='ocrx_word' id='word_1_168' title='bbox 728 2971 885 3069; x_wconf 69' lang='lat' dir='ltr'><strong>accepit,</strong></span> <span class='ocrx_word' id='word_1_169' title='bbox 912 2972 1010 3046; x_wconf 91' lang='lat' dir='ltr'><strong>unde</strong></span> <span class='ocrx_word' id='word_1_170' title='bbox 1037 2973 1171 3071; x_wconf 88' lang='lat' dir='ltr'><strong>Rigam</strong></span> <span class='ocrx_word' id='word_1_171' title='bbox 1195 2974 1430 3047; x_wconf 80' lang='lat' dir='ltr'><strong>descendens</strong></span> <span class='ocrx_word' id='word_1_172' title='bbox 1518 2987 1520 2994; x_wconf 57' lang='lat'><strong><em>⁴</em></strong></span> 
     </span>
    </p>

    <p class='ocr_par' dir='ltr' id='par_1_12' title="bbox 334 3069 1430 3270">
     <span class='ocr_line' id='line_1_26' title="bbox 334 3069 1430 3172; baseline 0.003 -30"><span class='ocrx_word' id='word_1_173' title='bbox 334 3094 421 3142; x_wconf 92' lang='lat' dir='ltr'><strong>cum</strong></span> <span class='ocrx_word' id='word_1_174' title='bbox 439 3069 529 3142; x_wconf 87' lang='lat' dir='ltr'><strong>viris</strong></span> <span class='ocrx_word' id='word_1_175' title='bbox 554 3069 632 3144; x_wconf 89' lang='lat' dir='ltr'><strong>suis</strong></span> <span class='ocrx_word' id='word_1_176' title='bbox 651 3095 674 3142; x_wconf 95' lang='lat' dir='ltr'><strong>a</strong></span> <span class='ocrx_word' id='word_1_177' title='bbox 692 3095 832 3168; x_wconf 89' lang='lat' dir='ltr'><strong>genero</strong></span> <span class='ocrx_word' id='word_1_178' title='bbox 860 3095 929 3145; x_wconf 92' lang='lat' dir='ltr'><strong>suo</strong></span> <span class='ocrx_word' id='word_1_179' title='bbox 950 3083 987 3147; x_wconf 91' lang='lat' dir='ltr'><strong>et</strong></span> <span class='ocrx_word' id='word_1_180' title='bbox 1004 3073 1147 3147; x_wconf 88' lang='lat' dir='ltr'><strong>familia</strong></span> <span class='ocrx_word' id='word_1_181' title='bbox 1166 3073 1335 3172; x_wconf 87' lang='lat' dir='ltr'><strong>episcopi</strong></span> <span class='ocrx_word' id='word_1_182' title='bbox 1362 3074 1430 3145; x_wconf 93' lang='lat' dir='ltr'><strong>ho·</strong></span> 
     </span>
     <span class='ocr_line' id='line_1_27' title="bbox 334 3169 792 3270; baseline -0.002 -27"><span class='ocrx_word' id='word_1_183' title='bbox 334 3169 489 3243; x_wconf 88' lang='lat' dir='ltr'><strong>norifice</strong></span> <span class='ocrx_word' id='word_1_184' title='bbox 508 3181 706 3270; x_wconf 86' lang='lat' dir='ltr'><strong>susceptus</strong></span> <span class='ocrx_word' id='word_1_185' title='bbox 725 3181 792 3244; x_wconf 89' lang='lat' dir='ltr'><strong>est.</strong></span> 
     </span>
    </p>
   </div>
   <div class='ocr_carea' id='block_1_5' title="bbox 221 3371 1529 3974">
    <p class='ocr_par' dir='ltr' id='par_1_13' title="bbox 221 3371 1529 3472">
     <span class='ocr_line' id='line_1_28' title="bbox 221 3371 1529 3472; baseline -0.002 -24"><span class='ocrx_word' id='word_1_186' title='bbox 221 3385 327 3472; x_wconf 73' lang='lat' dir='ltr'><strong>(XVI.)</strong></span> <span class='ocrx_word' id='word_1_187' title='bbox 411 3371 541 3443; x_wconf 83' lang='lat' dir='ltr'><strong>Annus</strong></span> <span class='ocrx_word' id='word_1_188' title='bbox 573 3382 654 3446; x_wconf 87' lang='lat' dir='ltr'><strong>erat</strong></span> <span class='ocrx_word' id='word_1_189' title='bbox 684 3371 870 3447; x_wconf 89' lang='lat' dir='ltr'><strong>dominice</strong></span> <span class='ocrx_word' id='word_1_190' title='bbox 900 3373 1166 3448; x_wconf 90' lang='lat' dir='ltr'><strong>incarnationis</strong></span> <span class='ocrx_word' id='word_1_191' title='bbox 1203 3373 1430 3447; x_wconf 90' lang='lat' dir='ltr'><strong>millesimus</strong></span> <span class='ocrx_word' id='word_1_192' title='bbox 1528 3405 1529 3410; x_wconf 42' lang='lat'>¹</span> 
     </span>
    </p>

    <p class='ocr_par' dir='ltr' id='par_1_14' title="bbox 245 3471 1529 3974">
     <span class='ocr_line' id='line_1_29' title="bbox 245 3471 1529 3571; baseline 0.004 -31"><span class='ocrx_word' id='word_1_193' title='bbox 245 3471 325 3526; x_wconf 79' lang='lat'><strong>12¹2·</strong></span> <span class='ocrx_word' id='word_1_194' title='bbox 336 3471 614 3546; x_wconf 88' lang='lat' dir='ltr'><strong>ducentesimus</strong></span> <span class='ocrx_word' id='word_1_195' title='bbox 634 3473 879 3546; x_wconf 91' lang='lat' dir='ltr'><strong>duodecimus</strong></span> <span class='ocrx_word' id='word_1_196' title='bbox 899 3485 936 3548; x_wconf 90' lang='lat' dir='ltr'><strong>et</strong></span> <span class='ocrx_word' id='word_1_197' title='bbox 962 3473 1138 3547; x_wconf 91' lang='lat' dir='ltr'><strong>antistitis</strong></span> <span class='ocrx_word' id='word_1_198' title='bbox 1158 3485 1312 3571; x_wconf 90' lang='lat' dir='ltr'><strong>quartus</strong></span> <span class='ocrx_word' id='word_1_199' title='bbox 1331 3473 1429 3548; x_wconf 90' lang='lat' dir='ltr'><strong>deci·</strong></span> <span class='ocrx_word' id='word_1_200' title='bbox 1528 3477 1529 3480; x_wconf 73' lang='grc'>’</span> 
     </span>
     <span class='ocr_line' id='line_1_30' title="bbox 334 3573 1429 3673; baseline 0.002 -30"><span class='ocrx_word' id='word_1_201' title='bbox 334 3594 439 3668; x_wconf 78' lang='lat' dir='ltr'><strong>mus⁷</strong></span> <span class='ocrx_word' id='word_1_202' title='bbox 469 3573 515 3646; x_wconf 93' lang='lat' dir='ltr'><strong>de</strong></span> <span class='ocrx_word' id='word_1_203' title='bbox 542 3573 649 3645; x_wconf 81' lang='lat' dir='ltr'><strong>errius</strong></span> <span class='ocrx_word' id='word_1_204' title='bbox 685 3573 846 3647; x_wconf 91' lang='lat' dir='ltr'><strong>adventu</strong></span> <span class='ocrx_word' id='word_1_205' title='bbox 880 3599 964 3647; x_wconf 90' lang='lat' dir='ltr'><strong>cum</strong></span> <span class='ocrx_word' id='word_1_206' title='bbox 998 3574 1207 3672; x_wconf 82' lang='lat' dir='ltr'><strong>peregrinis</strong></span> <span class='ocrx_word' id='word_1_207' title='bbox 1239 3574 1429 3673; x_wconf 79' lang='lat' dir='ltr'><strong>gaudebat</strong></span> 
     </span>
     <span class='ocr_line' id='line_1_31' title="bbox 334 3671 1529 3768; baseline 0.002 -23"><span class='ocrx_word' id='word_1_208' title='bbox 334 3673 493 3746; x_wconf 87' lang='lat' dir='ltr'><strong>ecclesia</strong></span> <span class='ocrx_word' id='word_1_209' title='bbox 519 3671 764 3768; x_wconf 86' lang='lat' dir='ltr'><strong>Lyvonensis.</strong></span> <span class='ocrx_word' id='word_1_210' title='bbox 806 3675 853 3746; x_wconf 83' lang='lat' dir='ltr'><strong>Et</strong></span> <span class='ocrx_word' id='word_1_211' title='bbox 879 3685 1124 3748; x_wconf 88' lang='lat' dir='ltr'><strong>occurrerunt</strong></span> <span class='ocrx_word' id='word_1_212' title='bbox 1150 3673 1184 3748; x_wconf 92' lang='lat' dir='ltr'><strong>ei</strong></span> <span class='ocrx_word' id='word_1_213' title='bbox 1202 3699 1334 3748; x_wconf 89' lang='lat' dir='ltr'><strong>omnes</strong></span> <span class='ocrx_word' id='word_1_214' title='bbox 1353 3699 1426 3747; x_wconf 91' lang='lat' dir='ltr'><strong>una</strong></span> <span class='ocrx_word' id='word_1_215' title='bbox 1528 3725 1529 3734; x_wconf 21' lang='grc' dir='ltr'><strong>κ</strong></span> 
     </span>
     <span class='ocr_line' id='line_1_32' title="bbox 333 3773 1529 3874; baseline 0.003 -30"><span class='ocrx_word' id='word_1_216' title='bbox 333 3797 420 3846; x_wconf 88' lang='lat' dir='ltr'><strong>cum</strong></span> <span class='ocrx_word' id='word_1_217' title='bbox 437 3797 528 3870; x_wconf 89' lang='lat' dir='ltr'><strong>rege</strong></span> <span class='ocrx_word' id='word_1_218' title='bbox 541 3775 781 3849; x_wconf 88' lang='lat' dir='ltr'><strong>Woldemaro</strong></span> <span class='ocrx_word' id='word_1_219' title='bbox 802 3775 1031 3874; x_wconf 84' lang='lat' dir='ltr'><strong>excipientes</strong></span> <span class='ocrx_word' id='word_1_220' title='bbox 1050 3800 1138 3848; x_wconf 88' lang='lat' dir='ltr'><strong>eum</strong></span> <span class='ocrx_word' id='word_1_221' title='bbox 1157 3800 1242 3850; x_wconf 90' lang='lat' dir='ltr'><strong>cum</strong></span> <span class='ocrx_word' id='word_1_222' title='bbox 1260 3774 1329 3849; x_wconf 89' lang='lat' dir='ltr'><strong>Dei</strong></span> <span class='ocrx_word' id='word_1_223' title='bbox 1349 3776 1427 3848; x_wconf 85' lang='lat' dir='ltr'><strong>lau·</strong></span> <span class='ocrx_word' id='word_1_224' title='bbox 1528 3773 1529 3780; x_wconf 69' lang='grc'>’</span> 
     </span>
     <span class='ocr_line' id='line_1_33' title="bbox 333 3873 1428 3974; baseline 0.005 -32"><span class='ocrx_word' id='word_1_225' title='bbox 333 3873 452 3966; x_wconf 69' lang='lat' dir='ltr'><strong>dibus7</strong></span> <span class='ocrx_word' id='word_1_226' title='bbox 480 3884 518 3947; x_wconf 90' lang='lat' dir='ltr'><strong>et</strong></span> <span class='ocrx_word' id='word_1_227' title='bbox 535 3874 637 3947; x_wconf 86' lang='lat' dir='ltr'><strong>dedit</strong></span> <span class='ocrx_word' id='word_1_228' title='bbox 655 3874 857 3974; x_wconf 91' lang='lat' dir='ltr'><strong>episcopus</strong></span> <span class='ocrx_word' id='word_1_229' title='bbox 876 3875 956 3974; x_wconf 89' lang='lat' dir='ltr'><strong>regi</strong></span> <span class='ocrx_word' id='word_1_230' title='bbox 975 3875 1274 3950; x_wconf 89' lang='lat' dir='ltr'><strong>benedictionem</strong></span> <span class='ocrx_word' id='word_1_231' title='bbox 1293 3887 1330 3950; x_wconf 88' lang='lat' dir='ltr'><strong>et</strong></span> <span class='ocrx_word' id='word_1_232' title='bbox 1349 3875 1428 3948; x_wconf 86' lang='lat' dir='ltr'><strong>mu·</strong></span> 
     </span>
    </p>
   </div>
   <div class='ocr_carea' id='block_1_6' title="bbox 332 4087 1529 4235">
    <p class='ocr_par' dir='ltr' id='par_1_15' title="bbox 332 4087 1529 4235">
     <span class='ocr_line' id='line_1_34' title="bbox 332 4087 1529 4167; baseline 0.006 -26"><span class='ocrx_word' id='word_1_233' title='bbox 332 4087 617 4160; x_wconf 77' lang='lat' dir='ltr'><strong>46)1210.Nov.18.</strong></span> <span class='ocrx_word' id='word_1_234' title='bbox 692 4092 736 4154; x_wconf 74' lang='lat'><strong>47]</strong></span> <span class='ocrx_word' id='word_1_235' title='bbox 757 4092 936 4148; x_wconf 85' lang='lat' dir='ltr'><strong>Theoderico.</strong></span> <span class='ocrx_word' id='word_1_236' title='bbox 1010 4093 1055 4167; x_wconf 79' lang='lat'><strong>48)</strong></span> <span class='ocrx_word' id='word_1_237' title='bbox 1077 4092 1119 4150; x_wconf 86' lang='lat' dir='ltr'><strong>Cf.</strong></span> <span class='ocrx_word' id='word_1_238' title='bbox 1137 4092 1251 4149; x_wconf 84' lang='lat' dir='ltr'><strong>llonnell</strong></span> <span class='ocrx_word' id='word_1_239' title='bbox 1271 4095 1286 4150; x_wconf 94' lang='lat' dir='ltr'><strong>l.</strong></span> <span class='ocrx_word' id='word_1_240' title='bbox 1302 4111 1325 4151; x_wconf 88' lang='lat' dir='ltr'><strong>c.</strong></span> <span class='ocrx_word' id='word_1_241' title='bbox 1347 4092 1425 4165; x_wconf 63' lang='lat' dir='ltr'><strong>pt&amp;</strong></span> <span class='ocrx_word' id='word_1_242' title='bbox 1527 4093 1529 4140; x_wconf 80' lang='grc' dir='ltr'>ἶ</span> 
     </span>
     <span class='ocr_line' id='line_1_35' title="bbox 334 4160 1529 4235; baseline 0.004 -19"><span class='ocrx_word' id='word_1_243' title='bbox 334 4171 360 4216; x_wconf 85' lang='lat' dir='ltr'><strong>et</strong></span> <span class='ocrx_word' id='word_1_244' title='bbox 379 4160 481 4217; x_wconf 82' lang='lat' dir='ltr'><strong>Comm.</strong></span> <span class='ocrx_word' id='word_1_245' title='bbox 502 4183 527 4235; x_wconf 91' lang='lat' dir='ltr'><strong>p.</strong></span> <span class='ocrx_word' id='word_1_246' title='bbox 541 4164 585 4218; x_wconf 79' lang='lat'><strong>56.</strong></span> <span class='ocrx_word' id='word_1_247' title='bbox 606 4165 650 4219; x_wconf 83' lang='lat'><strong>57.</strong></span> <span class='ocrx_word' id='word_1_248' title='bbox 1197 4165 1202 4172; x_wconf 83' lang='grc'><em>’</em></span> <span class='ocrx_word' id='word_1_249' title='bbox 1528 4167 1529 4170; x_wconf 65' lang='grc'>’</span> 
     </span>
    </p>
   </div>
   <div class='ocr_carea' id='block_1_7' title="bbox 0 0 1556 5012">
    <p class='ocr_par' dir='ltr' id='par_1_16' title="bbox 0 0 1556 5012">
     <span class='ocr_line' id='line_1_36' title="bbox 0 0 1556 5012; baseline 0 0"><span class='ocrx_word' id='word_1_250' title='bbox 0 0 1556 5012; x_wconf 95' lang='lat' dir='ltr'><strong> </strong></span> 
     </span>
    </p>
   </div>
  </div>
 </body>
</html>
