3016 5016
244 531 459 606 HEINRlCl
487 531 766 607 CHRONICON
795 529 1048 608 LYVONlAE.
1150 538 1199 612 29

27 797 36 838 q
86 734 373 832 persuadebant
392 732 516 808 abbati
535 758 689 833 negare,
707 722 808 832 'quod
829 733 983 822 dixerat.
1020 731 1095 808 Sed
1114 735 1197 834 ipse

79 832 230 930 sciens,
258 834 357 932 quod
377 835 496 908 semel
524 835 705 909 emissum
723 834 828 908 volat
850 833 1097 910 irrevocabile
1115 860 1196 910 ver-

83 935 233 1032 bum⁷⁹‚
261 936 360 1034 quod
387 931 469 1033 regi
497 936 693 1010 confessus
722 945 803 1010 erat
827 935 931 1008 nulla
958 935 1104 1010 ratione
1131 963 1195 1012 ne·

27 1047 33 1132 'g
83 1037 216 1134 gabata
269 1035 490 1136 Intelligens
521 1035 637 1136 igitur
662 1061 729 1110 rex
763 1058 805 1110 se
832 1035 947 1109 nichil
978 1035 1051 1110 hoc
1078 1039 1192 1134 modo

27 1133 34 1224 l
84 1135 297 1234 prolicere,
334 1160 378 1212 eo
408 1138 506 1236 quod
534 1137 726 1235 proditum
753 1147 856 1212 esset
881 1135 1099 1235 consiliumq
1128 1138 1191 1211 ubi

27 1239 36 1338 ’ζ
85 1236 180 1310 belli
204 1235 390 1312 violencia
424 1235 551 1312 delicit
581 1237 710 1311 dolum
741 1235 999 1334 machinatur,
1035 1237 1123 1336 quia
1152 1239 1190 1314 in

28 1339 34 1408 l
82 1337 418 1438 columbespeoie
444 1338 581 1412 blanda
611 1339 770 1436 loquens
802 1340 916 1412 verba
944 1337 1002 1411 sic
1032 1339 1125 1414 ledit
1150 1351 1192 1414 ut
1233 1364 1235 1368 ·

28 1447 33 1510 'r
83 1438 226 1536 anguis
257 1438 295 1511 in
326 1436 494 1514 herbaffl.
553 1438 769 1513 Remittitur
802 1440 918 1512 abbas
955 1449 1109 1513 etcum
1142 1465 1187 1514 eo

27 1524 37 1639 ξ
83 1538 348 1632 Ruthenorum
365 1539 483 1638 legati
501 1564 587 1612 cum
601 1539 725 1615 verbis
739 1538 906 1639 pacificis
922 1539 1132 1639 diriguntur
1149 1541 1188 1614 in

27 1644 35 1776 f>
66 1639 199 1730 doloq
233 1649 275 1713 ut
302 1640 437 1714 auditis
462 1640 549 1714 hinc
576 1640 661 1715 inde
677 1639 857 1739 partibus
891 1641 989 1714 inter
1013 1641 1186 1737 Lyvones

27 1772 35 1832 i
79 1750 125 1814 et
145 1741 370 1840 episcopum
394 1741 493 1839 quod
513 1741 654 1814 iustum
673 1752 774 1816 esset
793 1742 1038 1816 decernerent
1057 1753 1095 1816 et
1113 1744 1185 1816 hoc

81 1851 212 1914 ratum
229 1842 423 1916 haberent.
467 1840 622 1917 Dimissi
649 1867 671 1915 a
698 1867 802 1941 rege,
828 1840 1033 1938 Kukenoys
1058 1855 1184 1917 castro
1313 1877 1315 1882 ·

80 1941 318 2036 Ruthenico7
355 1942 454 2039 quod
486 1938 683 2017 celerrime
723 1942 932 2042 attingunt,
972 1945 1184 2038 dyaconum

79 2044 275 2139 quendam
298 2042 556 2156 Stephanum,
588 2043 704 2118 alium
735 2052 862 2117 tamen
894 2067 1005 2141 quam
1031 2043 1184 2143 protho-

80 2153 303 2240 martyrem,
330 2143 467 2240 Rigam
494 2147 740 2219 cumabbate
765 2143 1182 2244 mittunt,.episcopum

27 2274 37 2346 q
80 2243 123 2316 in
138 2267 339 2316 occursum
351 2256 490 2319 vocant
502 2245 738 2343 nunciorum⁷
757 2244 857 2318 diem
872 2245 1050 2342 colloquii
1064 2245 1182 2320 tercio

27 2413 45 2522 i
79 2445 217 2544 figunt.
259 2445 404 2545 Reliqui
428 2455 497 2546 per
512 2456 654 2521 terram
674 2469 943 2544 usquequaque
967 2445 1093 2518 diffusi
1111 2445 1181 2542 Ly·
1204 2433 1248 2488 ³⁰·

29 2528 42 2629 l
83 2569 203 2620 nones
229 2556 270 2621 ot
295 2547 454 2643 Lamos,
488 2541 551 2646 qui
577 2546 730 2646 proprie
762 2546 934 2619 dicuntur
965 2545 1179 2644 Lemigalli‚

27 2639 43 2747 ζ
80 2671 173 2720 cum
192 2646 307 2721 armis
327 2647 405 2720 suis
425 2657 571 2722 vocant.
606 2646 767 2721 Veniunt
794 2647 978 2743 Lyrones‚
1006 2661 1081 2719 non
1100 2656 1180 2721 tan·
1275 2730 1278 2734 ,
1313 2687 1315 2690 -

81 2758 166 2820 tum
183 2747 369 2822 voluntati
382 2748 485 2846 regis
505 2748 656 2822 obedire
675 2743 859 2846 quantum
870 2747 1076 2844 perdicioni
1090 2747 1180 2822 fide-

28 2811 42 2910 i
77 2847 178 2921 lium
203 2848 341 2922 Christi
360 2848 550 2924 deservire
567 2849 700 2948 parati.
746 2847 855 2923 Lethi
879 2849 940 2923 vel
964 2847 1181 2948 Letthigalli

31 2952 45 3065 q
79 2949 206 3022 adhuc
224 2949 376 3048 pagani³
404 2949 520 3023 vitam
548 2950 838 3024 christianorum
863 2951 1116 3049 approbantes
1137 2959 1180 3024 et

27 3138 30 3158 Ὗ
78 3073 217 3123 corum
245 3050 406 3124 salutem
433 3051 669 3147 affectantes
697 3051 742 3124 ad
766 3050 996 3149 colloquium
1022 3049 1179 3150 perfidie

27 3177 32 3248 ss
80 3174 158 3222 non
182 3150 348 3246 veniunt,
374 3152 594 3226 muneribus
622 3151 742 3226 eciam
769 3151 837 3224 sibi
866 3151 1088 3225 aRuthenis
1115 3153 1179 3246 ob·

29 3252 52 3309 l'
78 3251 171 3325 latis
199 3249 300 3325 flecti
326 3262 517 3350 nequeunt
548 3247 593 3326 ad
625 3252 767 3324 malum
793 3252 1061 3326 Theuthonicis
1088 3253 1180 3328 infe-

77 3352 252 3426 rendum:
304 3354 466 3426 Vocatus
491 3353 536 3427 ad
548 3353 654 3428 'idem
673 3352 903 3450 colloquium
923 3352 1084 3426 domnus
1103 3352 1180 3452 epi·
1190 3359 1238 3446 (l.)

27 3443 34 3486 ²²
76 3476 223 3551 scopus
251 3477 272 3524 a
301 3453 428 3551 legato
464 3453 582 3551 regis·7
614 3453 807 3552 Stephano
836 3454 1002 3551 predicto
1030 3454 1106 3528 tale
1133 3454 1179 3526 de

27 3557 35 3654 ζ
76 3552 241 3626 consilio
266 3577 423 3628 suorum
450 3554 551 3627 dedit
574 3578 817 3652 responsum:
850 3553 1098 3648 Communem,
1126 3553 1180 3626 in-

27 3649 35 3690 r
75 3652 183 3751 quid⁷
215 3656 376 3726 omnium
399 3662 581 3727 terrarum
607 3653 899 3732 consuetudinem
926 3652 1002 3726 esse
1021 3659 1178 3745 constat,

72 3756 236 3828 nuncios
254 3778 279 3826 u
290 3754 447 3829 dominis
465 3758 543 3829 suis
561 3754 765 3829 destinatos
777 3776 857 3828 eum
875 3752 980 3826 odire
996 3753 1052 3826 uel
1064 3755 1180 3851 requi-

27 3851 41 3942 ⁷³}
75 3879 182 3949 rere,
223 3853 275 3929 au
303 3879 408 3953 quem
438 3859 648 3949 mittuntur,
680 3861 715 3928 et
741 3877 940 3952 numquam
965 3857 1179 3949 principem,

27 3956 39 4096 'p
76 3979 99 4052 q
147 3961 400 4054 mtumcunque
424 3955 592 4030 humilem
617 3957 672 4030 uel
696 3954 897 4050 affabilem,
916 3957 961 4028 ¹in
987 3978 1179 4030 occursum

27 4123 39 4197 l
78 4137 96 4190 r
147 4135 190 4194 cr.
210 4136 319 4194 norun
338 4138 425 4212 Epist.
444 4139 464 4208 r,
486 4139 528 4196 rs.
549 4139 593 4196 u.
679 4139 730 4212 oo)
752 4136 793 4194 os.
812 4139 929 4210 vergat
948 4139 1047 4268 utroq.
1067 4137 1115 4202 ιιι,
1135 4136 1181 4191 93.

27 4238 36 4302 q
80 4210 98 4266 8
155 4213 312 4267 lundense
338 4214 484 4286 legendum
510 4218 584 4268 recte
612 4207 707 4286 probat
733 4213 814 4268 Pabst
839 4215 911 4268 nd.
1043 4206 1182 4285 llpostea

75 4285 99 4339 V
151 4303 179 4351 n,
199 4284 282 4340 hodie
301 4285 376 4357 Oger
395 4288 571 4352 nominatum,
591 4285 698 4342 Dunam
718 4287 815 4341 inllult.

967 4363 990 4433 4

33 2358 39 2404 t
81 2343 272 2418 Kalendas
290 2344 425 2443 luliiffl,
444 2345 571 2419 locum
585 2346 688 2419 iuxta
702 2344 859 2419 lluvium
873 2345 1081 2443 Wogene⁸²
1099 2371 1182 2445 pre·
1193 2359 1258 2418 Mai.
1383 2367 1385 2372 ’
