3016 5016
25 457 34 636 f,
134 523 136 528 ·
205 513 412 589 assumes
439 513 711 590 cssomoos
737 515 984 590 mvomrc.
1073 517 1152 590 xxr

25 724 35 790 l
57 716 141 808 {idei
156 715 356 810 vindicata,
383 719 553 789 oratione
571 716 717 789 elatiori
735 714 894 789 celebrat
915 717 1048 812 Riqarn
1089 740 1149 790 ur·

58 817 135 890 bem
162 817 326 911 Virqinis,
354 839 447 912 quae
466 815 560 889 talia
579 823 755 913 tantaque
770 821 979 912 pereqisset.
1105 871 1108 876 ·

155 919 235 1012 lpse
258 921 450 1010 profitetur
476 941 515 990 se
543 920 749 1012 scripsisse,
784 918 911 1012 XXIX,
938 922 983 994 9.·
1013 929 1148 1015 rogatu

58 1018 296 1092 dominorum
316 1029 354 1091 et
371 1017 575 1113 sociorum,
601 1042 726 1112 nempe
738 1025 963 1112 provocatus
984 1042 1052 1114 per
1068 1020 1148 1106 fra·

58 1126 129 1192 tres
145 1118 310 1215 militiae,
337 1119 546 1212 episcopum
562 1116 758 1212 Albertum,
784 1141 940 1191 necnon
963 1142 1029 1210 per
1052 1118 1149 1191 alios

55 1241 203 1295 suortnn
224 1221 393 1293 itinerum
411 1216 650 1314 laborumque
667 1221 789 1292 socios
805 1217 1026 1293 sacerdotes.
1062 1218 1146 1291 Per·

54 1321 110 1414 qit
126 1326 265 1392 autem:
300 1318 402 1392 Nihil
421 1329 548 1393 autem
566 1320 628 1392 hic
654 1319 754 1392 aliud
775 1321 1058 1418 superadditum
1077 1330 1148 1414 est,

25 1419 128 1494 t'nisi
147 1445 204 1515 ea,
234 1444 306 1518 que
332 1419 496 1494 vidimus
525 1419 644 1494 oculis
672 1419 811 1494 nostris
837 1421 917 1494 fere
937 1431 1083 1515 cuncta,
1111 1431 1149 1493 et

25 1579 26 1582 ,
55 1545 128 1618 que
151 1531 227 1594 non
254 1519 418 1594 vidimus
445 1519 608 1618 propriis
637 1519 770 1614 oculis,
797 1522 842 1593 ab
871 1519 945 1594 illis
966 1519 1148 1594 intellexi-

59 1645 151 1715 muS,
171 1620 236 1719 qui
256 1621 431 1694 viderunt
448 1631 486 1694 et
504 1621 764 1694 interfuerunt.
800 1621 858 1692 Ee
870 1628 1005 1693 natura
1025 1627 1147 1692 autem

25 1743 26 1748 ¹
54 1724 136 1814 ipsa
161 1728 240 1794 tarn
264 1721 364 1816 lonqi
395 1723 515 1816 operis
541 1718 804 1794 coniiciendum
831 1728 902 1816 est,
935 1721 1147 1794 Heinricum

25 1913 26 1916 Ἴ
54 1821 224 1894 habuisse
242 1820 424 1896 adnotato
443 1824 535 1895 inter
552 1844 610 1893 res
627 1829 750 1916 qestas
767 1819 932 1894 redacta.
969 1820 1148 1898 Fortasse

25 1971 26 1992 2
59 1923 129 2015 ipse
147 1921 267 1995 etalii
285 1919 509 2016 sacerdotes,
536 1920 715 2017 euanqelii
731 1925 865 2018 nuncii,
883 1924 1061 1997 miserant
1076 1923 1147 2016 epi·

54 2047 164 2117 scopo
190 2022 385 2117 epistolas,
412 2020 542 2119 quibus
568 2021 777 2108 referebant
800 2021 844 2094 de
871 2020 1041 2096 laborum
1066 2045 1147 2096 suc-

25 2151 27 2217 J
57 2146 168 2218 cessu,
188 2130 225 2196 et
241 2147 335 2222 quae
348 2131 492 2218 posteo,
510 2125 549 2197 iu
566 2122 724 2196 archivis
738 2124 910 2216 episcopii
923 2129 1146 2219 asservatae,

25 2229 27 2324 ζ
54 2223 226 2296 scribenti
254 2223 305 2296 od
322 2247 454 2297 uranus
471 2227 629 2310 fuerunt.
683 2223 784 2296 Certe
809 2222 1012 2318 diplomata
1038 2245 1147 2320 quae·

60 2321 143 2395 dam
160 2319 294 2398 ibidem
316 2324 483 2422 deposita
501 2327 681 2420 coqnovit,
709 2326 857 2419 saepius
876 2323 1009 2396 laudat
1026 2323 1147 2397 bullas

25 2433 27 2518 t
52 2424 219 2522 papales,
246 2437 341 2522 quae
366 2424 419 2496 ad
444 2448 512 2497 nos
539 2427 917 2520 temporuminqratia
934 2448 1007 2497 non
1019 2447 1145 2518 perve-

26 2531 28 2608 ζ
58 2533 205 2620 nerum5
242 2525 316 2620 XV,
345 2527 367 2599 5
394 2525 562 2598 chartam
586 2549 660 2622 qua
685 2525 845 2617 Lyaones
871 2522 923 2596 ad
949 2523 1144 2597 annualem

26 2615 28 2684 l
55 2628 164 2697 tritici
186 2649 396 2700 mensuram
422 2623 646 2699 reddendam
674 2632 783 2697 erant
807 2622 972 2698 obstricti
995 2648 1146 2697 comme·

26 2687 31 2818 l
55 2734 199 2818 morat5
236 2726 424 2800 ueletiam
450 2726 550 2822 Xlll,
578 2731 613 2820 t,
647 2725 709 2798 ubi
734 2725 778 2798 de
804 2723 1022 2801 subiectione
1044 2727 1146 2819 prin·

27 2819 41 2906 l·
56 2828 146 2919 cipis
171 2826 216 2899 de
237 2827 383 2901 Gereihe
407 2826 582 2922 disputat,
601 2825 789 2923 quandam
817 2827 1036 2915 affinitatem
1053 2829 1147 2898 inter

53 2925 179 2999 Nostri
196 2934 232 3000 et
248 2927 461 3023 diplomatis
479 2926 767 3024 (hirlandisches
784 2924 1072 3000 Urhundenbuch
1090 2924 1144 2999 ed.

46 3026 180 3122 ,Bunqe
203 3030 242 3124 l,
278 3027 342 3124 15)
373 3028 484 3101 verba
508 3025 737 3116 offendimus.
792 3026 924 3116 Quoad
955 3025 1147 3099 concilium

35 3127 298 3202 ‚Lateroncnse
317 3152 414 3202 anno
430 3131 537 3203 1215.
557 3128 788 3224 celebratum,
808 3150 851 3200 ev
864 3126 1035 3200 Eduardi
1054 3125 1147 3199 Win-

52 3227 223 3302 helmann
243 3229 493 3326 disquisitione
510 3232 650 3324 critica,
669 3252 778 3326 quarn
793 3226 973 3301 haedere
991 3229 1151 3300 instituit

40 3328 93 3399 ‘in
122 3327 239 3424 libro,
280 3331 383 3402 cuius
421 3337 476 3402 est
502 3329 631 3403 titulus
660 3329 817 3425 „Kaiser
845 3327 1033 3402 Friedrich
1062 3327 1158 3424 ll.“„

56 3435 142 3500 tom.
165 3432 192 3524 l,
215 3434 287 3505 105
307 3436 339 3503 et
361 3433 442 3524 106,
469 3433 616 3525 seimus,
644 3430 808 3503 ordinem
826 3453 948 3502 rerum
965 3429 1015 3501 ibi
1030 3434 1149 3522 qesta·
1171 3482 1176 3491 .

43 3544 137 3612 ¹{rum
162 3531 201 3604 in
228 3533 375 3624 seriptis
399 3554 476 3604 esse
506 3533 778 3625 consiqnotum,
811 3528 970 3626 haecque
999 3531 1149 3623 sopiunt

36 3628 164 3702 ·3ver·ba
181 3629 310 3704 Nostri
317 3630 347 3677 ²⁸
365 3634 402 3703 in
420 3655 499 3724 cap.
519 3631 612 3727 XIX,
633 3636 666 3704 7.
701 3631 788 3720 (luis
807 3633 915 3702 etiarn
933 3627 1149 3702 nune‘dubi·

41 3733 114 3823 ¹tet,
141 3734 229 3826 quin
248 3731 300 3803 od
318 3731 505 3804 archivum
524 3731 728 3826 episcopale
746 3731 870 3803 aditus
887 3731 1058 3802 Heinrico
1080 3752 1150 3823 pa-

56 3831 190 3903 tuerit?
223 3873 269 3886 —-
301 3831 419 3904 Porro
453 3838 575 3926 testes,
609 3835 670 3928 qui
699 3835 810 3920 factis
838 3833 1097 3926 interfuerunt,
1126 3852 1150 3902 a

57 3927 192 4004 Nostro
224 3932 263 4004 hi
293 3931 519 4005 laudantur:
553 3931 623 4026 lX,
653 3937 687 4008 5.
747 3933 946 4006 Referebat
972 3931 1152 4004 sacerdos

59 4031 224 4128 quidam,
263 4032 325 4130 qui
352 4044 441 4105 tuno
468 4032 505 4105 in
532 4032 717 4106 Lethonia
743 4032 914 4131 captivus
942 4033 1151 4126 tenebatur,

32 4213 164 4320 'votor
184 4249 360 4323 naissitano
375 4272 401 4324 p.
420 4253 465 4308 24.
485 4253 529 4316 25,
551 4263 577 4307 a
595 4253 630 4304 vs
651 4271 676 4306 n.
693 4252 717 4306 1.

874 4306 876 4310 ’
918 4345 939 4415 2
