3084 5018
330 486 401 560 156
468 481 683 557 llElNlllCl
709 480 988 558 CHRONlCON
1014 480 1266 556 LYVONlAE.

325 682 522 778 universis,
549 683 595 757 de
614 682 790 782 gencium
809 683 1054 758 conversione
1071 683 1203 757 laudes
1222 682 1302 757 Deo
1322 683 1427 758 defe-
1530 689 1534 780 i

325 793 464 856 rentes.
500 783 547 856 Et
564 783 714 881 sequuti
734 794 821 856 sunt
835 783 999 881 quinque
1012 783 1182 859 seniores
1197 784 1243 856 de
1257 783 1426 881 quinque

324 883 527 981 provinciis
540 883 703 980 Vyronie
721 883 759 956 in
778 883 913 982 lligam
931 908 1018 957 cum
1036 884 1253 958 muneribus
1272 883 1364 977 suis,
1384 895 1426 958 et
1530 879 1534 892 '

325 984 553 1084 accipientes
572 983 670 1058 sacri
688 983 926 1082 baptismatis
944 983 1167 1080 mysterium
1189 983 1426 1058 tradiderunt

325 1107 367 1157 se
399 1095 593 1182 totamque
623 1085 823 1180 Vyroniam
855 1087 964 1159 beate
993 1083 1110 1157 Maris
1141 1092 1179 1158 et
1209 1084 1423 1179 Lyvonensi
1532 1083 1534 1172 ξ

326 1186 503 1282 ecclesie,
537 1208 745 1284 pacemque
769 1184 964 1259 firmantes
991 1183 1182 1258 redierunt
1212 1184 1422 1281 gaudentes

323 1285 362 1357 in
380 1285 592 1381 Vyroniam.
1532 1335 1534 1376 2

120 1463 124 1470 ,
266 1389 315 1475 (8.)
400 1381 1423 1459 Postlestumnativitatisdominiceconveniuntsenio·
1533 1403 1534 1406 ’

237 1473 387 1557 ¹²²⁰·res
418 1483 651 1582 Lyvonensis
683 1483 861 1581 ecclesie,
901 1483 1177 1582 expeditionem
1213 1481 1422 1558 indicentes
1532 1519 1534 1572 2

326 1594 456 1657 contra
483 1594 636 1684 gentem
661 1584 940 1682 apostatricem,
967 1585 1005 1656 in
1030 1583 1189 1660 Mesiote
1214 1607 1424 1682 congrega·
1532 1623 1534 1682 3

325 1694 415 1758 tarn.
451 1683 525 1758 Sed
546 1709 568 1758 a
586 1684 707 1758 ventis
721 1682 948 1758 australibus
962 1693 1001 1759 et
1014 1683 1194 1783 pluviosis
1213 1684 1424 1781 impediun-
1533 1729 1534 1732 =

200 1795 395 1859 Ponatur.
448 1785 570 1881 Unde,
602 1785 789 1858 celebrata
819 1784 1090 1882 purificationis
1117 1787 1227 1858 beate
1255 1783 1422 1882 Virginis
1532 1813 1534 1876 ς

325 1885 612 1984 solempnitate,
646 1887 812 1959 secundo
840 1895 1132 1986 congregantur,
1168 1894 1422 1959 convocantes
1533 1905 1534 1910 ’

324 1986 531 2061 exercitum
557 2009 738 2084 magnum
758 1986 803 2059 de
821 1986 988 2081 Lyvonia
1014 1996 1052 2059 et
1076 1985 1209 2081 Lettia,
1236 2009 1324 2058 cum
1342 1985 1422 2082 qui·
1533 1987 1534 1992 ’

324 2089 393 2160 bus
425 2087 533 2160 adest
562 2085 707 2184 primus
737 2087 961 2161 venerabilis
1000 2086 1156 2160 antistes
1187 2084 1425 2181 Lyvonensis
1533 2083 1534 2086 ’

325 2212 411 2259 cum
436 2187 530 2260 duce
555 2185 718 2260 Saxonie
743 2197 782 2260 et
798 2187 1008 2287 peregrinis
1026 2187 1210 2282 omnibuS,
1237 2185 1422 2284 magister
1532 2221 1534 2272 ;

324 2286 463 2360 milicie
500 2286 794 2360 cumfratribus
825 2287 914 2361 suis.
967 2287 1014 2360 Et
1043 2287 1225 2361 habentes
1258 2297 1422 2383 quatuor
1532 2329 1534 2338 ι

323 2387 427 2464 milia
452 2386 798 2468 Theuthonicorum
825 2398 863 2462 et
880 2387 953 2461 alia
972 2398 1132 2485 quatuor
1159 2387 1355 2482 Lyvonum
1382 2398 1422 2460 et
1532 2389 1534 2420 ³

323 2488 563 2585 Letthorum,
598 2489 805 2586 procedunt
826 2489 863 2562 in
891 2489 1045 2586 Holme,
1081 2488 1259 2562 ducentes
1287 2509 1420 2561 secum

307 2580 538 2661 'machinam
557 2611 733 2686 magnam
760 2597 799 2663 et
821 2589 915 2662 alias
942 2589 1107 2663 minores
1134 2599 1336 2683 ceteraque
1365 2587 1420 2661 in·
1531 2591 1533 2672 ἶ

324 2699 533 2763 strumenta
549 2688 604 2760 ad
627 2687 740 2762 castri
766 2689 1102 2787 impugnationem.
1147 2687 1195 2760 Et
1210 2712 1279 2786 per
1297 2698 1419 2768 totam

323 2798 473 2862 noctem
492 2798 624 2864 euntes
639 2798 677 2862 et
695 2802 786 2886 aput
799 2789 953 2861 Missam
968 2790 1174 2864 exercitum
1188 2787 1418 2882 ordinantes,

323 2889 615 2987 progrediuntur
642 2890 687 2961 ad
714 2900 893 2985 castrum,
920 2889 1136 2987 villamque,
1169 2913 1240 2986 que
1272 2889 1355 2962 erat
1380 2889 1417 2961 in

322 2987 497 3082 circuitu,
530 2987 721 3085 capientes
748 2988 945 3086 spoliaque
971 2990 1148 3064 tollentes
1175 3000 1418 3086 castrumque

323 3088 538 3161 obsidentes
556 3087 697 3160 bellum
714 3088 879 3163 inferunt
905 3090 961 3164 eis
980 3090 1107 3164 multis
1126 3089 1267 3163 diebus.
1318 3089 1418 3177 Quo·
1530 3121 1532 3126 ·

322 3212 407 3260 rum
439 3187 501 3260 alii
528 3189 855 3286 propugnaculum
875 3189 1068 3288 edificant,
1096 3189 1159 3264 alii
1184 3190 1416 3289 patherellos
1531 3215 1532 3218 ’

323 3287 484 3386 erigunt,
513 3287 576 3361 alii
593 3287 748 3362 balistas
767 3302 954 3388 exercent,
982 3291 1044 3364 alii
1064 3290 1239 3364 edilicant
1257 3291 1415 3387 ericeos,

322 3389 368 3463 de
402 3390 533 3462 subtus
565 3390 694 3463 fodere
724 3391 865 3483 vallum
896 3391 1096 3489 incipiunt,
1131 3389 1194 3464 alii
1223 3390 1414 3490 lignorum

321 3489 679 3588 comportationibus
698 3491 883 3565 fossatum
901 3491 1071 3591 implent,
1097 3501 1136 3566 et
1152 3514 1416 3590 propugnacu-

320 3590 398 3662 lum
426 3591 586 3688 desuper
616 3590 833 3688 impellitur,
863 3594 932 3666 sub
964 3617 1036 3689 quo
1069 3594 1115 3665 ab
1147 3591 1231 3665 aliis
1263 3592 1413 3665 foditur.

318 3690 427 3763 Multi
450 3689 744 3790 Semigallorum
768 3691 806 3764 in
834 3703 956 3766 castro
985 3693 1153 3792 lapidum
1176 3691 1337 3765 iactibus
1363 3693 1414 3766 le·

319 3792 469 3887 duntur,
496 3791 604 3865 multi
622 3792 770 3890 sagittis
788 3793 1044 3889 vulnerantur,
1071 3803 1108 3868 et
1134 3793 1256 3866 multi·
1270 3793 1412 3867 lanceis

318 3890 511 3986 Lyvonum
530 3916 574 3965 ac
587 3891 809 3965 Letthorum
828 3894 873 3968 de
886 3894 1170 3993 propugnaculo
1184 3892 1427 3968 interficiun-

319 4001 390 4063 tur.
444 3992 499 4064 Ad
526 3992 597 4066 hec
621 3992 773 4066 rebellis
798 3996 908 4067 turba
934 4019 1147 4094 repugnare
1173 4018 1250 4067 non
1276 4003 1410 4068 cessat.

320 4089 485 4188 Erigitur
497 4093 649 4165 tandem
663 4093 837 4167 machina
851 4093 983 4192 maior,
997 4095 1183 4169 iactantur
1197 4095 1234 4168 in
1245 4105 1411 4169 castrum

319 4191 463 4288 lapides
490 4193 630 4290 magni,
657 4218 817 4290 quorum
843 4194 1141 4295 magnitudinem
1160 4195 1350 4271 intuentes
1374 4196 1411 4268 in
