3084 5018
291 426 502 500 Hfflttntcr
531 424 808 500 CHRONICON
835 426 1085 500 LYVONIAE.
1160 429 1229 502 211

134 627 254 701 etiam
273 626 517 700 Viesthardus
543 627 838 725 Semigallorum
863 628 1051 726 princepS,
1077 638 1234 701 vocatus

135 729 183 799 ad
203 751 304 823 eum,
324 752 437 824 quem
452 728 579 800 multis
594 728 739 842 discept
724 727 928 801 tationibus
948 738 984 801 et
998 728 1232 802 sermonibus

133 827 261 925 longis
287 828 333 900 ad
361 827 503 901 fidem
494 829 663 902 invitavit
681 829 766 902 lesu
786 827 934 902 Christi
987 828 1062 902 Sed
1088 828 1187 904 ille
1177 855 1231 902 rn-

133 927 328 1002 fidelitatis
356 952 425 1002 sue
452 928 587 1002 duritia
607 932 721 1003 verba
743 930 876 1002 salutis
903 953 978 1001 non
1002 911 1231 1029 intelligens²

134 1041 173 1102 et
190 1030 356 1100 nondum
376 1029 605 1127 baptismum
629 1029 827 1127 recipiens,
854 1032 920 1104 sed
939 1029 1076 1103 iterum
1103 1031 1149 1104 de
1175 1032 1232 1103 fu-

132 1139 219 1201 turo
245 1128 483 1234 promittens,
509 1129 784 1226 predicatorem
811 1129 939 1203 domni
964 1130 1080 1227 legati
1100 1153 1230 1204 secum

132 1229 170 1301 in
191 1219 453 1344 Semigalliam
473 1230 634 1303 admisit.
684 1232 875 1307 Venerunt
892 1230 1019 1327 itaque
1038 1232 1084 1304 de
1111 1231 1230 1302 omni·

9 1411 11 1416 p
132 1333 203 1402 bus
222 1330 334 1403 terris
352 1329 389 1401 in
409 1330 564 1404 circuitu
583 1330 710 1405 videre
734 1332 901 1429 legatum
927 1331 1029 1406 curie
1047 1331 1233 1426 Romane⁷

130 1431 231 1504 inter
249 1455 343 1527 quos
366 1441 449 1504 erat
473 1431 593 1504 eciam
612 1431 878 1506 Wissewaldus
897 1457 961 1505 rex
980 1421 1027 1506 de
1046 1431 1229 1529 Gerceke,

132 1555 262 1604 comes
288 1531 541 1629 Burchardus‚
574 1532 747 1631 ,episcopi
771 1531 964 1605 Danorum
992 1533 1038 1605 de
1066 1531 1227 1629 Revalis‚

131 1631 290 1704 Osiliani
318 1657 468 1729 quoque
493 1643 530 1706 et
553 1632 714 1707 Estones
732 1632 921 1728 Maritimi‚
948 1633 1011 1729 qui
1035 1657 1077 1706 se
1101 1633 1138 1704 in
1166 1634 1228 1706 de·

9 1737 10 1740 ’
130 1731 344 1808 tensionem
369 1732 494 1846 ipsius
506 1733 728 1828 offerebant,
754 1733 1017 1829 promittentes
1043 1757 1084 1806 se
1103 1757 1227 1807 sacer-

129 1835 239 1906 dotes
258 1858 345 1906 cum
364 1832 467 1905 omni
485 1833 566 1906 iure
585 1833 877 1906 christianorum
895 1843 1128 1931 receptum,
1147 1843 1226 1905 tan-

8 1957 15 1967 ·
127 1947 211 2006 tum
236 1943 277 2005 ut
301 1933 404 2032 ipsos
434 1935 479 2006 ab
505 1933 789 2031 impugnatione
813 1932 1007 2006 Danorum
1035 1932 1263 2007 liberaret.

128 2033 433 2131 Promisitque
401 2058 455 2107 ers
475 2058 626 2109 omnem
645 2033 871 2129 libertatem,
891 2044 928 2106 et
946 2031 1048 2106 misit
1065 2032 1223 2108 nuncios

127 2158 218 2208 suos
242 2136 286 2207 ad
306 2135 435 2207 Dauos
454 2145 493 2208 et
511 2136 555 2206 ad
574 2132 776 2249 Osilianos,
794 2134 968 2232 quatinus
986 2133 1084 2208 bella
1102 2158 1225 2208 remo·

8 2233 10 2244 '
125 2246 259 2310 ventes
292 2259 428 2348 pacem
461 2235 580 2333 ipsius
611 2236 828 2334 acciperent
857 2245 896 2312 et
924 2234 1112 2334 preceptis
1142 2234 1222 2308 suis

8 2399 10 2426 p
126 2336 344 2410 obedientes
364 2335 577 2410 existerent.

202 2437 288 2534 lpse
311 2461 401 2512 vero
428 2437 640 2534 neophytos
658 2437 780 2508 adhuc
805 2435 899 2508 alios
924 2435 1051 2509 videre
1077 2434 1220 2510 deside·
1228 2438 1280 2544 (5)

7 2553 9 2560 ‘
124 2560 227 2634 ram,
253 2537 460 2632 Lyvones
450 2563 487 2609 rn
515 2537 652 2610 Holme
678 2535 852 2632 visitavit
878 2536 1002 2633 ibique
1021 2533 1274 2610 celebratis

7 2689 9 2692 -
124 2637 330 2713 missarum
356 2637 580 2736 solempniis
604 2637 865 2750 seminatoque
890 2637 1058 2710 doctrine
1088 2647 1245 2711 sancte

124 2738 287 2835 semine,
328 2737 364 2810 in
398 2738 630 2811 Ykeskolam
668 2737 868 2836 processit
908 2737 968 2810 ubi
1009 2737 1219 2834 primorum

7 2871 8 2882 ¹
123 2849 343 2912 sanctorum
373 2859 664 2937 eplscoporutn
655 2862 878 2911 memOI'ldm
903 2861 1219 2934 commemorem,

123 2940 245 3013 eciam
283 2938 369 3011 illos
403 2938 623 3035 Lyvones
613 2964 651 3010 rn
682 2938 751 3011 Dei
789 2938 942 3011 servitio
981 2938 1219 3011 confortavit.

7 3027 8 3096 ἒ
123 3039 304 3113 Deinde
295 3065 333 3112 m
359 3040 612 3113 Lennewarde
636 3049 673 3113 et
698 3039 882 3112 Aschrate
909 3063 984 3112 non
1014 3039 1139 3111 minus
1160 3041 1218 3112 ab

123 3139 300 3212 idolatria
325 3140 498 3236 Lyvones
521 3164 718 3238 revocans,
745 3140 888 3213 cultum
915 3139 1025 3214 unius
1049 3139 1119 3214 Dei
1137 3139 1219 3212 dili·

123 3251 259 3339 genter
278 3241 438 3314 edocuit
475 3241 641 3314 Tandem
660 3241 697 3312 in
717 3240 944 3335 Kokenoyse
962 3239 1136 3314 similiter
1153 3241 1218 3312 do·

122 3351 387 3414 cumentorum
418 3351 634 3416 sanctorum
666 3339 809 3412 monita
840 3351 917 3411 tam
949 3339 1217 3413 Theuthonicis

121 3467 238 3539 quam
261 3441 335 3513 Rut
336 3441 444 3515 henis
471 3449 509 3514 et
524 3439 670 3513 Letthis
697 3449 735 3513 et
752 3439 953 3512 Selonibus
973 3439 1218 3512 cohabitanti-

121 3545 192 3614 bus
220 3541 381 3616 fideliter
405 3540 599 3654 impendit
627 3541 899 3614 commonendo
919 3563 1071 3638 semper
1096 3540 1217 3614 Theu-

120 3641 315 3755 thonicos·,
348 3668 396 3716 ne
428 3641 598 3714 subditos
629 3665 720 3714 suos
750 3639 1030 3739 gravaminibus
1061 3650 1124 3713 aut
1155 3665 1217 3714 ex·

121 3741 332 3816 actionibus
367 3742 540 3816 indebitis
575 3741 733 3814 nimium
768 3741 957 3837 lederent
997 3740 1063 3814 sed
1101 3739 1215 3813 fidem

121 3842 263 3917 Christi
294 3843 425 3915 sedulo
456 3843 637 3955 docendo,
673 3842 962 3916 consuetudines
990 3841 1216 3914 christianas

121 3944 343 4017 inducerent
373 3953 411 4016 et
441 3942 535 4015 ritus
562 3966 800 4040 paganorum
831 3941 1037 4039 abolerent,
1068 3952 1107 4014 et
1136 3952 1215 4014 tam

122 4043 306 4140 exemplis
337 4067 468 4117 eorum
500 4043 607 4116 bonis
638 4068 751 4139 quam
781 4042 903 4116 verbis
936 4067 1002 4116 eos
1031 4036 1216 4116 instruere

121 4145 311 4218 docerent.
