3104 5012
276 446 491 522 HblNlllCl
516 445 796 538 CHRONICON
821 448 1072 522 LYVONIAE.
1149 452 1218 523 137

6 713 8 730 Υ
120 661 294 725 castrum
310 647 491 744 Viliende‚
517 649 579 722 ubi
597 646 835 746 quiescentes
853 658 976 744 noete,
1001 647 1219 721 missarum·

123 775 199 850 que
231 748 451 848 solempniis
488 748 627 822 ibidem
658 748 875 844 celebratis,
914 750 951 822 in
983 747 1043 822 die
1078 747 1304 842 Matheisept.

122 849 288 950 apostoli
307 859 576 947 processerunt
603 848 752 922 obviam
776 848 948 922 inimicis.
997 848 1045 920 Et
1070 849 1220 924 invene·
1240 846 1286 898 ²¹·

6 1019 8 1048 ἲ
124 962 213 1024 runt
231 973 364 1024 omnes
382 949 428 1022 ad
453 949 579 1023 loeum
600 948 715 1022 ulium
734 949 943 1046 divertisse,
970 972 1065 1046 quos
1091 949 1220 1022 statim

124 1053 381 1147 insequentes
412 1072 553 1146 eosque
580 1049 626 1122 ad
653 1049 888 1148 preliandum
916 1058 1068 1149 paratos
1095 1049 1218 1123 subito

6 1137 8 1182 ³
30 1147 35 1156 ’
123 1151 173 1226 de
192 1151 295 1224 silvis
314 1174 360 1224 ex
379 1151 534 1224 adverso
553 1150 758 1248 procedere
775 1149 958 1245 ridentes⁷
979 1160 1221 1224 accesserunt

6 1313 7 1318 ,
123 1253 174 1332 ad
193 1275 272 1346 eos,
300 1262 337 1325 et
360 1260 626 1349 pugnaverunt
642 1250 889 1324 Theuthonioi
911 1250 971 1323 via
995 1249 1131 1344 media7
1157 1250 1219 1322 ubi

125 1352 249 1426 maior
266 1375 311 1424 ao
328 1349 470 1422 forcior
486 1373 618 1424 eorum
636 1353 746 1423 turba
763 1350 844 1422 fuit.
898 1349 1065 1438 Quorum
1093 1349 1156 1423 alii
1181 1349 1220 1422 in

6 1515 7 1520 ,
123 1452 233 1549 equis
252 1461 291 1526 et
309 1450 371 1523 alii
388 1451 503 1552 pedes
522 1450 560 1522 in
579 1451 709 1524 ordine
726 1475 797 1523 suo
816 1451 998 1549 paulatim
1017 1451 1221 1551 proceden-

25 1591 30 1596 ·
93 1597 97 1602 -
119 1565 185 1626 tes
203 1577 279 1650 per
295 1552 461 1626 medium
480 1575 612 1624 eorum
630 1551 744 1646 ibant,
772 1561 809 1626 et
832 1550 1080 1650 infringentes
1099 1550 1220 1624 aciem

6 1663 8 1680 ²
124 1654 296 1751 ipsorum
326 1651 363 1724 in
389 1652 603 1750 ingemens
622 1662 896 1725 converterunt.

213 1751 313 1826 Letti
347 1776 516 1848 quoque,
562 1752 600 1823 in
636 1751 789 1824 sinistro
830 1777 946 1824 cornu
986 1751 1281 1847 diminuisse.)

6 1839 7 1842 ¹
123 1853 306 1926 audacter
337 1877 412 1926 una
443 1877 530 1924 eum
560 1851 829 1924 Theuthonicis
863 1875 953 1924 suos
984 1851 1220 1926 adversarios

125 1954 365 2047 invadebant,
393 1962 525 2025 contra
552 1975 646 2048 quos
666 1951 826 2024 ordinati
844 1963 950 2024 erant
968 1951 1222 2025 Saolralanen·

124 2075 190 2127 ses
218 2053 330 2126 simul
356 2077 442 2126 cum
468 2051 638 2125 Lembito
667 2062 705 2126 et
729 2052 865 2126 ceteris
893 2051 1104 2126 senioribus
1130 2051 1220 2126 suis.

126 2154 202 2240 Qut
220 2155 360 2226 multos
387 2154 432 2226 de
450 2151 568 2226 Leuis
586 2152 827 2226 vulnerantes
855 2163 893 2226 et
912 2154 1092 2250 quosdam
1109 2151 1224 2226 inter·

126 2255 309 2348 ficientes7
344 2251 565 2349 fortiterque
592 2264 804 2350 pugnantes
829 2253 966 2349 diuque
992 2253 1221 2328 restiterunt.

125 2354 204 2428 Sed
226 2354 396 2427 videntes
415 2355 562 2425 turbam
582 2353 745 2426 mediam
773 2378 793 2426 a
822 2353 1090 2426 Theuthonicis
1111 2354 1149 2425 in
1168 2353 1224 2424 lu·

128 2479 218 2554 gam
237 2477 472 2549 conversam,
497 2463 608 2550 terga
625 2463 818 2528 verterunt
836 2464 874 2526 et
899 2453 981 2551 ipsi.
1025 2453 1072 2525 Et
1098 2476 1225 2551 perse·

6 2599 8 2620 ι
127 2553 236 2653 quuti
256 2553 344 2627 sunt
361 2577 425 2628 eos
439 2552 550 2646 betti,
578 2564 616 2627 et
633 2554 773 2625 multos
793 2553 1010 2627 oeciderunt
1028 2579 1074 2626 ex
1093 2554 1159 2648 eiS,
1187 2563 1225 2626 et

6 2661 8 2670 “
127 2655 247 2730 ceteri
265 2655 456 2752 fugerunt.
504 2653 551 2726 Et
569 2653 747 2752 cognovit
764 2653 880 2748 Velro,
906 2654 1023 2726 frater
1042 2653 1223 2748 boboam,

124 2755 356 2852 Ldembitnm,
383 2764 421 2828 et
446 2764 697 2851 persequutus
716 2763 775 2828 est
792 2779 892 2851 eum,
920 2765 957 2827 et
983 2753 1119 2826 occidit
1137 2779 1224 2828 eum

127 2857 268 2930 tollens
284 2855 510 2940 vestimenta
528 2854 621 2949 eius,
650 2865 686 2928 et
713 2854 827 2928 ceteri
854 2864 967 2953 caput
994 2854 1074 2928 eius
1095 2879 1224 2953 ampu-

6 2993 7 2996 ¹
128 2967 254 3031 tentes
272 2955 485 3030 detulerunt
500 2977 631 3028 secum
644 2954 682 3026 in
695 2953 912 3050 Lyvoniam.
948 2955 995 3027 Et
1009 2949 1226 3029 ceciderunt
1302 2966 1309 2978 “

6 3123 7 3128 ,
83 3059 89 3068 ’
130 3057 269 3130 ibidem
300 3056 414 3130 etiam
452 3055 514 3127 alii
546 3055 715 3129 seniores
754 3056 799 3128 de
829 3054 1009 3152 Suekala,
1047 3056 1225 3152 Wottele‚

129 3156 364 3252 Maniwalde‚
383 3179 470 3228 oum
488 3155 571 3228 aliis
591 3181 703 3252 quam
718 3156 900 3253 plurimis.
936 3155 1108 3252 Lyvones
1122 3181 1225 3250 vero,

129 3257 194 3354 qui
220 3257 266 3329 ad
294 3256 486 3330 dexteram
518 3266 626 3330 erant
657 3255 837 3353 ordinati,
872 3257 1040 3331 videntes
1072 3257 1225 3330 lanceas

130 3359 315 3440 Estonum
334 3356 535 3432 crudeliter
553 3379 667 3453 super
685 3380 726 3428 se
744 3356 928 3452 volenteS,
947 3356 1228 3430 declinaverunt

131 3459 178 3531 ad
193 3456 485 3551 Theuthonicosa
505 3466 542 3530 et
560 3480 647 3527 cum
666 3456 721 3528 eis
734 3452 1062 3554 'persequebantur
1079 3457 1226 3554 fugien-

129 3569 201 3631 tes,
237 3556 310 3631 Sed
331 3558 490 3630 Estones
510 3557 573 3653 qui
592 3566 772 3630 venerunt
791 3566 920 3629 contra
940 3580 1018 3651 ene,
1037 3557 1227 3630 irruerunt

100 3723 103 3726 ,
130 3681 248 3755 super
266 3658 447 3755 quosdam
468 3682 513 3730 ex
531 3657 670 3728 nostris
690 3666 775 3755 post
800 3666 951 3754 tergum
970 3657 1227 3754 sequentibus,

130 3758 198 3833 sed
217 3757 270 3829 illi
289 3758 447 3831 viriliter
464 3756 690 3855 repellentes
709 3779 791 3853 eosq
815 3766 1081 3830 converterunt
1105 3757 1226 3830 eciam

6 3919 11 3950 J.
131 3883 198 3933 eos
225 3857 263 3930 in
289 3859 431 3956 fugam.
483 3855 531 3928 Et
554 3868 757 3954 postquam
789 3880 921 3930 omnes
953 3856 1112 3930 Estones
1140 3882 1227 3930 eon·

6 3961 9 4010 t
129 3959 232 4032 versi
257 3969 345 4032 sunt
371 3958 408 4030 in
433 3958 576 4056 lugam,
608 3956 844 4052 Lyvoneset
869 3956 967 4032 betti
994 3967 1032 4032 et
1057 3956 1228 4040 Saxones

6 4061 8 4112 ἱ
132 4060 457 4157 persequebantur
488 4067 571 4152 ene,
606 4068 643 4130 et
671 4058 889 4132 oeciderunt
917 4084 963 4131 ex
990 4059 1044 4132 eis
1072 4083 1140 4157 per
1165 4059 1228 4131 sil·

130 4183 210 4255 vas,
231 4168 272 4231 nt
289 4160 369 4233 lere
389 4158 590 4257 implerent
608 4183 807 4233 numerum
827 4159 1091 4255 millenarium⁷
1109 4160 1226 4232 immo
