3084 5018
310 455 380 526 192
452 449 664 524 HElNRlCl
691 448 968 524 CHRONICON
993 451 1245 525 LYVONlAE.

309 653 457 748 Coywa‚
486 649 548 722 alii
572 649 729 746 pedites,
757 650 819 723 alii
845 676 930 723 cum
950 652 1056 749 equis
1075 653 1162 724 suis·
1179 652 1403 749 procedunt⁷

309 754 355 824 ad
379 751 505 823 locum
528 749 708 822 orationis
731 761 769 824 et
795 752 1067 848 colloquiorum
1094 777 1180 828 cum
1197 762 1285 824 'octo
1305 751 1405 822 mili-

309 855 378 923 bus
396 849 630 948 perveniunt.
675 850 881 924 Celebratis
901 852 1115 924 orationum
1141 863 1179 926 et
1196 851 1405 948 colloquio·

202 1019 205 1024 .
310 976 392 1024 rum
407 949 639 1046 solempniis,
657 949 695 1021 in
715 950 910 1023 Estoniam
931 951 1122 1048 festinant,
1149 962 1317 1025 castrum
1344 950 1404 1023 Vi·

200 1067 299 1136 Augt.
309 1052 444 1146 liende‚
467 1051 566 1146 quod
580 1060 665 1123 ante
679 1050 810 1123 decem
824 1075 943 1124 annos
962 1077 984 1124 a
997 1051 1264 1124 Tbeutbonicis
1277 1053 1404 1123 fuerat

310 1160 564 1251 expugnatum
587 1160 624 1222 et
643 1149 730 1223 fidei
753 1151 954 1225 christiane
981 1152 1235 1250 subiugatum⁷
1263 1151 1403 1224 iterum

311 1251 476 1326 secundo
503 1249 578 1321 iam
603 1249 836 1348 impugnant,
863 1251 1057 1324 machinas
1084 1252 1251 1324 minores
1277 1262 1314 1324 et
1338 1275 1404 1348 pa·

309 1350 491 1425 therellos
519 1349 705 1445 edificant,
739 1351 872 1422 turrim
900 1351 1066 1449 ligneam
1092 1351 1337 1423 fortissimam
1365 1360 1406 1422 et
1503 1403 1515 1426 -n

311 1453 425 1524 altam
447 1447 607 1546 erigunt,
631 1472 743 1546 quam
763 1451 809 1521 ad
830 1451 1014 1524 fossatum
1034 1475 1153 1548 usque
1174 1451 1403 1549 propellunt,
1513 1475 1515 1524 l

311 1562 354 1623 ut
367 1561 532 1622 castrum
547 1549 725 1621 desubtus
740 1550 869 1623 fodere
884 1552 1045 1649 valeant,
1065 1553 1131 1625 sed
1150 1550 1406 1648 impediuntur
1513 1565 1515 1634 ζ

312 1647 654 1747 quamplurimum
682 1674 703 1720 a
728 1650 930 1723 balistariis
956 1676 1100 1746 eorum,
1132 1651 1195 1748 qui
1227 1661 1335 1724 erant
1363 1649 1402 1720 in

311 1760 458 1844 castro,
489 1772 577 1821 nam
605 1748 759 1821 balistas
788 1751 946 1822 fratrum
971 1751 1103 1824 militie
1130 1775 1241 1846 quam
1273 1751 1404 1848 plures

311 1852 498 1924 habebant
516 1849 553 1920 in
573 1859 696 1922 castro
716 1859 847 1922 contra
865 1851 1018 1923 balistas
1038 1850 1340 1947 christianorum,
1365 1859 1407 1922 et
1514 1851 1515 1876 ³

312 1949 542 2050 patherellos
563 1959 601 2022 et
617 1950 810 2022 machinas
829 1950 1097 2023 edificaverunt
1115 1962 1245 2023 contra
1263 1950 1406 2024 machi·

312 2075 381 2124 nas
413 2047 722 2146 christianorum,
758 2062 971 2148 pugnantes
1003 2052 1048 2123 ad
1079 2050 1240 2125 invicem
1271 2051 1405 2124 diebus

311 2149 452 2222 multis.
494 2149 589 2222 Nam
616 2147 652 2220 in
672 2151 843 2248 Augusto
864 2153 908 2221 ad
927 2151 1076 2224 vincula
1094 2151 1192 2225 Petri
1218 2153 1318 2223 facta
1346 2161 1408 2224 est

230 2255 302 2324 Aug.
314 2250 456 2324 obsidio
477 2247 602 2344 castri,
630 2259 667 2322 et
690 2249 726 2320 in
754 2251 1011 2348 assumptione
1030 2254 1138 2325 beate
1163 2251 1325 2349 Virginis
1344 2251 1407 2322 de·

249 2329 293 2380 ¹⁶·
313 2350 482 2423 ficientes
501 2373 542 2422 se
561 2347 801 2422 tradiderunt.
852 2351 947 2423 Cum
967 2353 1066 2424 enim
1093 2361 1195 2425 esset
1221 2352 1325 2424 calor
1351 2351 1406 2422 ni·
1453 2355 1461 2370 '

314 2451 424 2544 miuS,
449 2460 487 2523 et
511 2449 707 2521 multitudo
734 2450 930 2522 hominum
956 2462 993 2525 et
1012 2475 1191 2550 pecorum
1213 2452 1348 2524 fuisset
1366 2450 1407 2522 in
1511 2465 1514 2538 t

314 2561 452 2646 castro,
473 2560 510 2623 et
527 2547 602 2630 iain
623 2551 721 2622 lame
737 2560 774 2622 et
787 2551 849 2622 siti
867 2551 1083 2647 deficerent,
1103 2553 1201 2625 facta
1216 2562 1273 2624 est
1292 2549 1407 2648 pesti·
1512 2623 1514 2654 Ι

314 2651 429 2725 lentia
466 2673 603 2747 magna
642 2675 709 2747 pre
740 2652 861 2723 fetore
898 2651 1013 2724 nimio
1045 2651 1329 2726 interfectorum
1366 2651 1407 2722 in
1512 2671 1514 2710 t

315 2761 452 2847 castro,
485 2760 522 2822 et
548 2760 729 2847 ceperunt
759 2751 932 2823 homines
953 2763 1127 2849 egrotare
1159 2763 1197 2826 et
1226 2752 1335 2848 mori⁷
1368 2762 1408 2822 et
1512 2757 1514 2846 ζ

314 2876 389 2924 non
408 2850 576 2924 valentes
596 2873 637 2923 se
656 2851 868 2945 defendere,
895 2852 1009 2924 ceteri
1028 2853 1091 2949 qui
1119 2854 1241 2924 adhuc
1259 2876 1408 2925 reman·
1428 2868 1434 2879 ·
1512 2861 1514 2918 ἵ

315 2961 455 3046 serant,
485 2950 558 3022 vivi
574 2950 807 3024 tradiderunt
833 2975 874 3025 se
902 2960 939 3025 et
957 2953 1082 3024 onmia
1109 2976 1177 3025 sua
1204 2952 1241 3024 in
1271 2975 1408 3024 manus

317 3049 619 3144 christianorum,
650 3051 850 3146 presertim
881 3067 967 3124 cunt
985 3053 1165 3126 'viderent
1191 3062 1357 3125 castrum
1384 3076 1415 3126 a.

317 3148 529 3222 christianis
549 3149 718 3221 iam-alia
735 3150 1038 3249 viceincensum,
1059 3163 1096 3225 et
1113 3153 1261 3225 summo
1276 3152 1409 3225 labore

317 3259 420 3323 sect
446 3258 612 3321 castrum
630 3249 852 3324 defendisse.
906 3251 952 3323 Et
969 3252 1051 3326 ideo
1080 3255 1178 3325 facta
1207 3276 1300 3348 pace
1319 3276 1408 3324 cum
1513 3261 1514 3324 ξ

318 3349 544 3446 christianis⁷
570 3349 765 3423 exiverunt
791 3351 836 3424 de
864 3362 1000 3447 castro⁷
1027 3353 1252 3451 recipientes
1270 3354 1409 3425 iterum

318 3451 447 3548 iugum
467 3450 661 3548 discipline
686 3451 900 3546 christiane,
928 3462 965 3525 et
983 3453 1237 3549 promiserunt
1255 3477 1296 3526 se
1315 3476 1410 3523 nun·

319 3575 432 3647 quarn
451 3550 625 3648 deinceps
641 3551 726 3624 fidei
741 3562 977 3624 sacramenta
992 3555 1240 3650 apostatando
1256 3553 1410 3646 violare,

319 3663 356 3724 et
375 3651 420 3723 de
439 3650 652 3722 commissis
670 3650 968 3723 satisfactionem
982 3655 1201 3749 rependere,
1221 3662 1259 3727 et
1276 3677 1411 3750 peper-

318 3762 450 3823 cerunt
481 3751 536 3823 eis
570 3752 705 3822 fratres
741 3750 872 3824 militie
909 3763 945 3824 et
978 3751 1224 3826 Theuthonici
1262 3777 1411 3848 omnes,

317 3851 406 3924 licet
424 3860 501 3922 tam
520 3850 635 3922 vitam
654 3874 766 3946 quam
781 3852 877 3923 bona
897 3863 1031 3925 cuncta
1049 3854 1299 3951 perdiderunt.
1337 3852 1413 3924 Ru·

317 3950 453 4022 thenos
485 3974 592 4046 vero⁷
624 3950 866 4046 quifuerant
895 3951 944 4022 in¹
964 3964 1101 4050 castro,
1133 3953 1195 4050 qui
1227 3963 1414 4026 venerunt

316 4048 355 4120 iu
384 4049 561 4122 auxilium
596 4049 799 4146 apostatis,
830 4061 917 4147 post
948 4054 1263 4151 expugnationem
1295 4054 1412 4127 castri

319 4149 514 4244 suspendit
538 4149 724 4223 exercitus
752 4175 883 4224 omncs
915 4164 1001 4227 ante
1021 4147 1199 4252 castrum,
1227 4153 1272 4226 ad
1290 4163 1413 4227 terro·
