3104 5012
290 520 363 594 130
431 514 644 588 HblNRlCl
672 511 950 587 CHRONlCON
976 511 1227 586 LYVONlAll.

204 717 465 808 nupllstones,
498 725 535 790 et
560 713 630 813 ipsi
658 724 765 789 erant
790 714 845 787 eis
873 713 998 788 duces.
1052 714 1093 786 ln
1118 711 1178 785 die
1202 736 1291 786 vero
1324 735 1384 785 as·
1527 699 1537 770 i

225 807 268 862 ¹⁵·
286 815 512 915 sumptionis
547 817 656 890 beate
690 813 853 912 Virginis
883 813 1118 887 intraverunt
1147 812 1384 910 provinciam

286 918 573 1011 Harionensem,
599 940 674 1012 que
702 924 761 987 est
777 915 815 987 in
835 914 958 988 media
977 914 1144 1009 Estonia,
1164 912 1227 985 ubi
1246 923 1283 986 et
1302 937 1383 986 om·

286 1042 354 1092 nes
372 1027 506 1117 gentes
521 1015 832 1089 circumiacentes
847 1015 1014 1111 quolibet
1028 1039 1126 1087 anno
1141 1013 1187 1087 ad
1202 1013 1383 1111 placitan-

287 1119 374 1191 dum
412 1117 450 1190 in
481 1114 675 1224 Raigele6⁹
706 1115 908 1203 convenire
940 1115 1119 1188 solebant.
1179 1112 1262 1201 Quo
1293 1139 1382 1186 cum

285 1218 540 1317 pervenimus,
567 1215 773 1289 exercitum
798 1225 970 1287 nostrum
995 1240 1063 1313 per
1081 1238 1213 1288 omnes
1231 1214 1312 1287 vias
1337 1238 1381 1286 ac

283 1319 394 1392 villas
420 1342 490 1392 nec
517 1341 592 1388 non
620 1327 657 1390 et
683 1315 896 1414 provincias
923 1315 1023 1388 illius
1049 1325 1150 1389 terre
1174 1313 1381 1407 divisimus,

285 1416 528 1492 incendentes
556 1415 681 1489 omnia
701 1425 739 1490 et
754 1425 960 1513 vastantes,
987 1415 1163 1513 quidquid
1183 1414 1382 1487 masculini

287 1542 400 1592 sexus
417 1515 699 1612 interficientes
726 1517 905 1590 mulieres
925 1526 962 1589 et
979 1517 1156 1614 parvulos
1176 1514 1380 1613 capientes,

285 1642 423 1717 pecora
450 1616 582 1710 multa,
617 1639 789 1689 necnon
817 1626 855 1690 et
881 1639 999 1713 equos
1025 1640 1155 1690 eorum
1181 1615 1381 1688 minantes.

284 1719 453 1792 Tandem
478 1717 524 1790 ad
543 1717 670 1790 villam
698 1741 877 1814 magnam
902 1714 1057 1812 Lone⁷⁰,
1085 1741 1158 1814 que
1183 1727 1380 1813 estsuper

284 1819 406 1893 rivum
425 1817 463 1891 in
482 1817 605 1892 media
619 1828 732 1912 terra,
759 1816 1017 1911 convenimus,
1046 1827 1083 1890 et
1099 1817 1237 1889 ibidem
1255 1816 1378 1906 triduo

284 1919 535 2017 quiescentes,
562 1927 682 1990 totam
701 1927 841 1990 terram
861 1918 898 1988 in
913 1916 1071 1990 circuitu
1086 1916 1379 2014 devastavimus,

285 2030 323 2094 et
349 2043 469 2116 usque
496 2019 543 2090 ad
562 2018 790 2092 Revelenses
809 2017 917 2091 villas
936 2017 1188 2115 pervenimus.
1233 2015 1378 2102 Quarto

285 2120 344 2193 die
363 2129 546 2217 ponentes
565 2117 718 2191 insidias
733 2141 853 2216 prope
865 2117 1006 2212 villam,
1026 2116 1125 2216 capti
1140 2126 1227 2189 sunt
1241 2140 1377 2190 novem

285 2244 332 2293 ex
350 2219 417 2308 eiS,
445 2228 483 2292 et
501 2217 652 2315 quidam
671 2217 868 2291 interfecti.
922 2217 969 2288 Et
992 2240 1166 2291 reversus
1194 2227 1252 2290 est
1275 2240 1379 2290 exer-

285 2319 380 2392 citus
401 2343 486 2391 cum
505 2317 622 2416 preda
640 2343 791 2416 magna,
819 2320 1009 2414 bovesque
1036 2319 1079 2391 et
1101 2340 1191 2390 oves
1210 2317 1378 2390 innume·

285 2418 422 2494 rabiles
441 2420 680 2492 reduxerunt.
726 2417 772 2490 m
791 2417 940 2515 sequuti
959 2429 1047 2491 sunt
1065 2417 1225 2490 Estones
1244 2416 1282 2488 in
1300 2441 1379 2489 ma-

284 2520 379 2594 lewa
397 2543 548 2618 magna,
574 2518 745 2594 volentes
773 2528 859 2616 post
881 2529 1030 2616 tergum
1056 2541 1122 2591 eos
1141 2518 1377 2616 impugnare.

284 2619 358 2694 Sed
388 2619 521 2693 cecidit
539 2643 623 2692 sors
642 2621 799 2692 deorum
825 2619 996 2716 ipsorum
1014 2617 1052 2691 in
1066 2629 1213 2716 partem
1231 2627 1378 2690 contra·

284 2721 390 2793 riam.
452 2718 500 2790 Et
529 2719 670 2793 reversi
710 2728 798 2790 sunt
832 2717 1015 2817 Rigenses
1052 2742 1137 2791 cunr
1168 2718 1306 2816 gaudio
1339 2717 1378 2789 in

283 2819 502 2916 Lyvoniam,
527 2819 733 2893 dividentes
752 2819 889 2914 omnia,
916 2843 989 2914 que
1007 2818 1228 2911 retulerunt,
1254 2818 1292 2890 in
1318 2844 1378 2891 ca-

283 2920 404 2993 ritate.
683 2982 685 2986 ,

222 3035 273 3120 (a)
358 3018 448 3090 Post
470 3018 541 3090 hec
564 3016 746 3114 indignati
766 3016 926 3090 Rutheni
945 3020 990 3092 de
1009 3017 1227 3092 Plecekowe
1246 3027 1377 3091 contra

252 3135 254 3138 ’
285 3119 543 3216 Ugaunenses,
563 3141 608 3190 eo
629 3118 727 3213 quod
746 3117 975 3216 baptismum
988 3118 1208 3191 Latinorum
1223 3143 1378 3216 accepe-

282 3228 370 3291 runt
395 3227 432 3291 et
456 3241 566 3289 suum
594 3227 918 3314 contempserunt,
950 3219 1166 3315 bellumque
1195 3218 1249 3293 eis
1275 3242 1377 3291 com·

283 3319 489 3412 minantes,
523 3340 679 3391 censum
712 3341 756 3390 ac
786 3317 965 3391 tributum
998 3321 1043 3392 ab
1075 3319 1130 3391 eis
1158 3319 1375 3417 exegerunt.

282 3420 529 3518 Ugaunenses
554 3441 643 3492 vero
671 3416 932 3512 Lyvonensem
952 3419 1170 3516 episcopum
1199 3419 1313 3492 simul
1339 3431 1379 3492 et

282 3520 418 3592 fratres
433 3518 573 3592 milicie
584 3542 699 3616 super
712 3518 784 3590 hoc
799 3518 1051 3618 consulentes,
1067 3519 1246 3592 auxilium
1261 3544 1377 3617 super

282 3622 355 3693 hoc
373 3619 624 3718 postulabant.
660 3617 767 3705 Quod
787 3618 858 3716 ipsi
877 3645 951 3692 non
966 3630 1161 3718 negantes,
1189 3619 1378 3717 simulque

283 3745 369 3793 cum
387 3719 442 3794 eis
461 3718 649 3792 vivere·ac
676 3717 772 3789 mori
799 3718 1076 3816 promittentes,
1102 3718 1244 3792 liberos
1263 3743 1329 3793 eos
1353 3743 1377 3792 a

222 3839 226 3846 ·
282 3819 464 3893 Ruthenis
490 3842 593 3914 esse,
630 3817 727 3890 sicut
753 3841 904 3916 semper
930 3832 1017 3894 ante
1041 3819 1270 3918 baptismum
1295 3820 1377 3892 fue·

280 3929 380 4016 bunt,
402 3919 456 3992 sic
475 3929 512 3992 et
530 3943 629 3992 nunc
647 3941 744 4014 esse,
764 3919 1044 3992 confirmabant.
1082 3920 1229 3992 Mortuo
1249 3920 1375 4016 itaque

282 4043 373 4118 rege
392 4041 530 4116 magno
548 4019 789 4092 Woldemaro
808 4021 854 4092 de
872 4018 1101 4115 Plecekowe,
1127 4018 1375 4092 resuscitatus

177 4263 182 4266 .
282 4216 328 4286 69)
349 4214 430 4271 bodie
449 4215 541 4271 Raela.
615 4215 659 4286 70)
679 4215 760 4270 bodie
780 4216 855 4272 Loal.
