<?xml version="1.0" encoding="UTF-8"?>
<!DOCTYPE html PUBLIC "-//W3C//DTD XHTML 1.0 Transitional//EN"
    "http://www.w3.org/TR/xhtml1/DTD/xhtml1-transitional.dtd">
<html xmlns="http://www.w3.org/1999/xhtml" xml:lang="en" lang="en">
 <head>
  <title>
</title>
<meta http-equiv="Content-Type" content="text/html;charset=utf-8" />
  <meta name='ocr-system' content='tesseract 3.04.00' />
  <meta name='ocr-capabilities' content='ocr_page ocr_carea ocr_par ocr_line ocrx_word'/>
</head>
<body>
  <div class='ocr_page' id='page_1' title='image "./heinricichronic00arndgoog_0191.png"; bbox 0 0 3084 5018; ppageno 0'>
   <div class='ocr_carea' id='block_1_1' title="bbox 340 430 1283 507">
    <p class='ocr_par' dir='ltr' id='par_1_1' title="bbox 340 430 1283 507">
     <span class='ocr_line' id='line_1_1' title="bbox 340 430 1283 507; baseline 0.003 -5"><span class='ocrx_word' id='word_1_1' title='bbox 340 430 553 504; x_wconf 84' lang='lat' dir='ltr'>HElNlllCl</span> <span class='ocrx_word' id='word_1_2' title='bbox 579 430 857 506; x_wconf 87' lang='lat' dir='ltr'><strong>CHRONICON</strong></span> <span class='ocrx_word' id='word_1_3' title='bbox 883 431 1134 507; x_wconf 82' lang='lat' dir='ltr'>LYVONlAE.</span> <span class='ocrx_word' id='word_1_4' title='bbox 1213 433 1283 506; x_wconf 88' lang='grc'>163</span> 
     </span>
    </p>
   </div>
   <div class='ocr_carea' id='block_1_2' title="bbox 25 627 1350 3238">
    <p class='ocr_par' dir='ltr' id='par_1_2' title="bbox 179 627 1282 1031">
     <span class='ocr_line' id='line_1_2' title="bbox 181 627 1281 730; baseline 0.002 -30"><span class='ocrx_word' id='word_1_5' title='bbox 181 627 405 724; x_wconf 87' lang='lat' dir='ltr'>Lyvoniam</span> <span class='ocrx_word' id='word_1_6' title='bbox 436 630 527 705; x_wconf 87' lang='lat' dir='ltr'>Erat</span> <span class='ocrx_word' id='word_1_7' title='bbox 537 643 664 706; x_wconf 90' lang='lat' dir='ltr'>autom</span> <span class='ocrx_word' id='word_1_8' title='bbox 676 633 791 730; x_wconf 88' lang='lat' dir='ltr'>preda</span> <span class='ocrx_word' id='word_1_9' title='bbox 802 633 996 728; x_wconf 80' lang='lat' dir='ltr'>Lyvonum</span> <span class='ocrx_word' id='word_1_10' title='bbox 1009 630 1281 730; x_wconf 66' lang='lat' dir='ltr'>magnanimis,</span> 
     </span>
     <span class='ocr_line' id='line_1_3' title="bbox 180 729 1280 829; baseline 0.002 -27"><span class='ocrx_word' id='word_1_11' title='bbox 180 729 250 826; x_wconf 76' lang='lat' dir='ltr'>qui</span> <span class='ocrx_word' id='word_1_12' title='bbox 275 732 476 829; x_wconf 83' lang='lat' dir='ltr'><strong>speluncas</strong></span> <span class='ocrx_word' id='word_1_13' title='bbox 495 732 787 807; x_wconf 90' lang='lat' dir='ltr'>Harionensium</span> <span class='ocrx_word' id='word_1_14' title='bbox 812 735 1090 828; x_wconf 73' lang='lat' dir='ltr'>subterraneas,</span> <span class='ocrx_word' id='word_1_15' title='bbox 1117 732 1280 827; x_wconf 77' lang='lat' dir='ltr'>adquae</span> 
     </span>
     <span class='ocr_line' id='line_1_4' title="bbox 179 832 1282 945; baseline 0.002 -44"><span class='ocrx_word' id='word_1_16' title='bbox 179 853 338 945; x_wconf 80' lang='lat' dir='ltr'>semper</span> <span class='ocrx_word' id='word_1_17' title='bbox 355 832 559 932; x_wconf 81' lang='lat' dir='ltr'>confugere</span> <span class='ocrx_word' id='word_1_18' title='bbox 578 835 761 930; x_wconf 71' lang='lat' dir='ltr'>solebant,</span> <span class='ocrx_word' id='word_1_19' title='bbox 789 833 1015 931; x_wconf 79' lang='lat' dir='ltr'>obsidentes,</span> <span class='ocrx_word' id='word_1_20' title='bbox 1043 845 1081 907; x_wconf 90' lang='grc'>91</span> <span class='ocrx_word' id='word_1_21' title='bbox 1098 832 1224 904; x_wconf 88' lang='lat' dir='ltr'>fumos</span> <span class='ocrx_word' id='word_1_22' title='bbox 1243 841 1282 905; x_wconf 90' lang='grc'>91</span> 
     </span>
     <span class='ocr_line' id='line_1_5' title="bbox 182 929 1280 1031; baseline 0.004 -30"><span class='ocrx_word' id='word_1_23' title='bbox 182 929 292 1029; x_wconf 83' lang='lat' dir='ltr'>ignes</span> <span class='ocrx_word' id='word_1_24' title='bbox 320 931 358 1004; x_wconf 93' lang='lat' dir='ltr'>in</span> <span class='ocrx_word' id='word_1_25' title='bbox 378 956 443 1006; x_wconf 93' lang='lat' dir='ltr'>ore</span> <span class='ocrx_word' id='word_1_26' title='bbox 462 934 728 1031; x_wconf 85' lang='lat' dir='ltr'><strong>speluncarum</strong></span> <span class='ocrx_word' id='word_1_27' title='bbox 747 933 1001 1030; x_wconf 56' lang='lat' dir='ltr'>incendentes</span> <span class='ocrx_word' id='word_1_28' title='bbox 1028 941 1140 1009; x_wconf 88' lang='lat' dir='ltr'>nocte</span> <span class='ocrx_word' id='word_1_29' title='bbox 1159 955 1202 1005; x_wconf 90' lang='lat' dir='ltr'>ac</span> <span class='ocrx_word' id='word_1_30' title='bbox 1220 931 1280 1005; x_wconf 78' lang='lat' dir='ltr'>elie</span> 
     </span>
    </p>

    <p class='ocr_par' dir='ltr' id='par_1_3' title="bbox 45 1031 1277 1231">
     <span class='ocr_line' id='line_1_6' title="bbox 45 1031 1277 1148; baseline 0.001 -46"><span class='ocrx_word' id='word_1_31' title='bbox 45 1073 50 1081; x_wconf 94' lang='lat'>·</span> <span class='ocrx_word' id='word_1_32' title='bbox 178 1031 433 1129; x_wconf 80' lang='lat' dir='ltr'>suffumigant</span> <span class='ocrx_word' id='word_1_33' title='bbox 435 1056 494 1129; x_wconf 73' lang='lat' dir='ltr'>eS,</span> <span class='ocrx_word' id='word_1_34' title='bbox 529 1057 595 1107; x_wconf 87' lang='lat' dir='ltr'>eos</span> <span class='ocrx_word' id='word_1_35' title='bbox 623 1033 861 1108; x_wconf 82' lang='lat' dir='ltr'>suffocabant</span> <span class='ocrx_word' id='word_1_36' title='bbox 886 1057 1038 1148; x_wconf 74' lang='lat' dir='ltr'>oroneo,</span> <span class='ocrx_word' id='word_1_37' title='bbox 1071 1044 1150 1106; x_wconf 92' lang='lat' dir='ltr'>tam</span> <span class='ocrx_word' id='word_1_38' title='bbox 1177 1032 1277 1104; x_wconf 92' lang='lat' dir='ltr'>viros</span> 
     </span>
     <span class='ocr_line' id='line_1_7' title="bbox 179 1132 1277 1244; baseline 0.001 -41"><span class='ocrx_word' id='word_1_39' title='bbox 179 1154 297 1244; x_wconf 85' lang='lat' dir='ltr'>quarn</span> <span class='ocrx_word' id='word_1_40' title='bbox 315 1132 505 1207; x_wconf 88' lang='lat' dir='ltr'>mulieres.</span> <span class='ocrx_word' id='word_1_41' title='bbox 542 1132 1277 1231; x_wconf 68' lang='grc'>1119119919111911911911199,9119999911</span> 
     </span>
    </p>

    <p class='ocr_par' dir='ltr' id='par_1_4' title="bbox 34 1230 1276 1333">
     <span class='ocr_line' id='line_1_8' title="bbox 34 1230 1276 1333; baseline 0 -28"><span class='ocrx_word' id='word_1_42' title='bbox 34 1268 40 1305; x_wconf 94' lang='lat'><strong>:</strong></span> <span class='ocrx_word' id='word_1_43' title='bbox 176 1230 300 1326; x_wconf 60' lang='lat' dir='ltr'>vivos7</span> <span class='ocrx_word' id='word_1_44' title='bbox 319 1232 415 1306; x_wconf 91' lang='lat' dir='ltr'>alios</span> <span class='ocrx_word' id='word_1_45' title='bbox 432 1244 604 1307; x_wconf 87' lang='lat' dir='ltr'>mortuos</span> <span class='ocrx_word' id='word_1_46' title='bbox 619 1235 859 1309; x_wconf 80' lang='lat' dir='ltr'>extrahentes</span> <span class='ocrx_word' id='word_1_47' title='bbox 878 1237 924 1309; x_wconf 93' lang='lat' dir='ltr'>de</span> <span class='ocrx_word' id='word_1_48' title='bbox 941 1233 1145 1333; x_wconf 67' lang='lat' dir='ltr'>speluncis,</span> <span class='ocrx_word' id='word_1_49' title='bbox 1163 1233 1276 1306; x_wconf 88' lang='lat' dir='ltr'>inter-</span> 
     </span>
    </p>

    <p class='ocr_par' dir='ltr' id='par_1_5' title="bbox 25 1332 1274 2108">
     <span class='ocr_line' id='line_1_9' title="bbox 25 1332 1274 1432; baseline 0.001 -29"><span class='ocrx_word' id='word_1_50' title='bbox 25 1373 27 1380; x_wconf 86' lang='lat'><em>·</em></span> <span class='ocrx_word' id='word_1_51' title='bbox 140 1411 143 1416; x_wconf 57' lang='grc'>,</span> <span class='ocrx_word' id='word_1_52' title='bbox 179 1332 352 1406; x_wconf 87' lang='lat' dir='ltr'>fecerunt</span> <span class='ocrx_word' id='word_1_53' title='bbox 371 1358 449 1430; x_wconf 75' lang='lat' dir='ltr'>eos,</span> <span class='ocrx_word' id='word_1_54' title='bbox 478 1344 516 1409; x_wconf 90' lang='lat' dir='ltr'>et</span> <span class='ocrx_word' id='word_1_55' title='bbox 533 1335 700 1432; x_wconf 84' lang='lat' dir='ltr'>captivos</span> <span class='ocrx_word' id='word_1_56' title='bbox 728 1335 823 1408; x_wconf 91' lang='lat' dir='ltr'>alios</span> <span class='ocrx_word' id='word_1_57' title='bbox 841 1336 1038 1430; x_wconf 88' lang='lat' dir='ltr'>duxerunt</span> <span class='ocrx_word' id='word_1_58' title='bbox 1065 1345 1274 1408; x_wconf 89' lang='lat' dir='ltr'>etomnem</span> 
     </span>
     <span class='ocr_line' id='line_1_10' title="bbox 174 1433 1274 1547; baseline 0.001 -43"><span class='ocrx_word' id='word_1_59' title='bbox 174 1433 431 1507; x_wconf 83' lang='lat' dir='ltr'><strong>substantiam</strong></span> <span class='ocrx_word' id='word_1_60' title='bbox 449 1459 580 1508; x_wconf 90' lang='lat' dir='ltr'>eorum</span> <span class='ocrx_word' id='word_1_61' title='bbox 600 1445 638 1508; x_wconf 92' lang='grc'>91</span> <span class='ocrx_word' id='word_1_62' title='bbox 662 1435 862 1533; x_wconf 90' lang='lat' dir='ltr'>pecuniam</span> <span class='ocrx_word' id='word_1_63' title='bbox 889 1446 927 1510; x_wconf 90' lang='lat' dir='ltr'>et</span> <span class='ocrx_word' id='word_1_64' title='bbox 943 1444 1026 1509; x_wconf 87' lang='lat' dir='ltr'>vest</span> <span class='ocrx_word' id='word_1_65' title='bbox 1028 1458 1069 1507; x_wconf 89' lang='lat' dir='ltr'>es</span> <span class='ocrx_word' id='word_1_66' title='bbox 1089 1442 1126 1508; x_wconf 87' lang='lat' dir='ltr'>et</span> <span class='ocrx_word' id='word_1_67' title='bbox 1151 1433 1274 1547; x_wconf 89' lang='lat' dir='ltr'>spolia</span> 
     </span>
     <span class='ocr_line' id='line_1_11' title="bbox 178 1533 1274 1633; baseline 0.001 -29"><span class='ocrx_word' id='word_1_68' title='bbox 178 1533 298 1607; x_wconf 85' lang='lat' dir='ltr'>multa</span> <span class='ocrx_word' id='word_1_69' title='bbox 322 1535 501 1608; x_wconf 87' lang='lat' dir='ltr'>t.ulerunt</span> <span class='ocrx_word' id='word_1_70' title='bbox 544 1536 659 1609; x_wconf 84' lang='lat' dir='ltr'>Erant</span> <span class='ocrx_word' id='word_1_71' title='bbox 683 1547 811 1611; x_wconf 91' lang='lat' dir='ltr'>autem</span> <span class='ocrx_word' id='word_1_72' title='bbox 836 1537 1108 1610; x_wconf 87' lang='lat' dir='ltr'>suffocatorum</span> <span class='ocrx_word' id='word_1_73' title='bbox 1136 1533 1274 1633; x_wconf 92' lang='lat' dir='ltr'>promi-</span> 
     </span>
     <span class='ocr_line' id='line_1_12' title="bbox 174 1633 1272 1750; baseline 0 -45"><span class='ocrx_word' id='word_1_74' title='bbox 174 1633 260 1706; x_wconf 88' lang='lat' dir='ltr'>scui</span> <span class='ocrx_word' id='word_1_75' title='bbox 287 1657 399 1708; x_wconf 88' lang='lat' dir='ltr'>sexus</span> <span class='ocrx_word' id='word_1_76' title='bbox 427 1661 472 1709; x_wconf 88' lang='lat' dir='ltr'>ex</span> <span class='ocrx_word' id='word_1_77' title='bbox 503 1636 677 1708; x_wconf 89' lang='lat' dir='ltr'>omnibus</span> <span class='ocrx_word' id='word_1_78' title='bbox 704 1636 895 1750; x_wconf 84' lang='lat' dir='ltr'>speluncis</span> <span class='ocrx_word' id='word_1_79' title='bbox 926 1635 1052 1709; x_wconf 90' lang='lat' dir='ltr'>anime</span> <span class='ocrx_word' id='word_1_80' title='bbox 1078 1634 1272 1708; x_wconf 92' lang='lat' dir='ltr'>hominum</span> 
     </span>
     <span class='ocr_line' id='line_1_13' title="bbox 175 1734 1271 1834; baseline 0.002 -30"><span class='ocrx_word' id='word_1_81' title='bbox 175 1734 258 1807; x_wconf 86' lang='lat' dir='ltr'>fere</span> <span class='ocrx_word' id='word_1_82' title='bbox 282 1735 398 1809; x_wconf 88' lang='lat' dir='ltr'>mille.</span> <span class='ocrx_word' id='word_1_83' title='bbox 441 1737 488 1812; x_wconf 86' lang='lat' dir='ltr'>Et</span> <span class='ocrx_word' id='word_1_84' title='bbox 513 1737 696 1834; x_wconf 88' lang='lat' dir='ltr'>posthoc</span> <span class='ocrx_word' id='word_1_85' title='bbox 720 1736 861 1810; x_wconf 88' lang='lat' dir='ltr'>reversi</span> <span class='ocrx_word' id='word_1_86' title='bbox 880 1746 977 1809; x_wconf 88' lang='lat' dir='ltr'>sunt</span> <span class='ocrx_word' id='word_1_87' title='bbox 993 1737 1166 1832; x_wconf 87' lang='lat' dir='ltr'>Lyvones</span> <span class='ocrx_word' id='word_1_88' title='bbox 1184 1758 1271 1807; x_wconf 90' lang='lat' dir='ltr'>cum</span> 
     </span>
     <span class='ocr_line' id='line_1_14' title="bbox 172 1833 1270 1932; baseline 0.001 -27"><span class='ocrx_word' id='word_1_89' title='bbox 172 1833 457 1931; x_wconf 69' lang='lat' dir='ltr'>Theuthonicis,</span> <span class='ocrx_word' id='word_1_90' title='bbox 491 1835 613 1910; x_wconf 87' lang='lat' dir='ltr'>Deum</span> <span class='ocrx_word' id='word_1_91' title='bbox 640 1837 915 1931; x_wconf 72' lang='lat' dir='ltr'>benedicentes⁷</span> <span class='ocrx_word' id='word_1_92' title='bbox 948 1861 994 1910; x_wconf 92' lang='grc'>99</span> <span class='ocrx_word' id='word_1_93' title='bbox 1026 1835 1123 1932; x_wconf 87' lang='lat' dir='ltr'>quod</span> <span class='ocrx_word' id='word_1_94' title='bbox 1150 1835 1270 1908; x_wconf 88' lang='lat' dir='ltr'>eciam</span> 
     </span>
     <span class='ocr_line' id='line_1_15' title="bbox 172 1934 1313 2032; baseline 0 -26"><span class='ocrx_word' id='word_1_95' title='bbox 172 1937 339 2032; x_wconf 90' lang='lat' dir='ltr'>superba</span> <span class='ocrx_word' id='word_1_96' title='bbox 362 1936 655 2010; x_wconf 87' lang='lat' dir='ltr'>Harionensium</span> <span class='ocrx_word' id='word_1_97' title='bbox 680 1937 793 2010; x_wconf 88' lang='lat' dir='ltr'>corda</span> <span class='ocrx_word' id='word_1_98' title='bbox 820 1937 866 2008; x_wconf 93' lang='lat' dir='ltr'>ad</span> <span class='ocrx_word' id='word_1_99' title='bbox 892 1935 1006 2010; x_wconf 89' lang='lat' dir='ltr'>fidem</span> <span class='ocrx_word' id='word_1_100' title='bbox 1025 1934 1313 2008; x_wconf 81' lang='lat' dir='ltr'>christianam</span> 
     </span>
     <span class='ocr_line' id='line_1_16' title="bbox 171 2035 396 2108; baseline 0.009 -2"><span class='ocrx_word' id='word_1_101' title='bbox 171 2035 396 2108; x_wconf 86' lang='lat' dir='ltr'>humiliavit.</span> 
     </span>
    </p>

    <p class='ocr_par' dir='ltr' id='par_1_6' title="bbox 170 2133 1350 3238">
     <span class='ocr_line' id='line_1_17' title="bbox 248 2133 1350 2250; baseline -0.004 -43"><span class='ocrx_word' id='word_1_102' title='bbox 248 2136 389 2210; x_wconf 87' lang='lat' dir='ltr'>Eodem</span> <span class='ocrx_word' id='word_1_103' title='bbox 408 2160 506 2209; x_wconf 90' lang='lat' dir='ltr'>anno</span> <span class='ocrx_word' id='word_1_104' title='bbox 526 2149 675 2210; x_wconf 87' lang='lat' dir='ltr'>mortuo</span> <span class='ocrx_word' id='word_1_105' title='bbox 695 2135 958 2250; x_wconf 42' lang='lat' dir='ltr'>Theodericop</span> <span class='ocrx_word' id='word_1_106' title='bbox 954 2134 1159 2210; x_wconf 87' lang='lat' dir='ltr'>venerabili</span> <span class='ocrx_word' id='word_1_107' title='bbox 1173 2133 1269 2205; x_wconf 86' lang='lat' dir='ltr'>Esti-</span> <span class='ocrx_word' id='word_1_108' title='bbox 1280 2137 1350 2224; x_wconf 79' lang='grc'>(11.)</span> 
     </span>
     <span class='ocr_line' id='line_1_18' title="bbox 170 2235 1269 2349; baseline -0.004 -40"><span class='ocrx_word' id='word_1_109' title='bbox 170 2237 254 2309; x_wconf 85' lang='lat' dir='ltr'>ensi</span> <span class='ocrx_word' id='word_1_110' title='bbox 274 2235 466 2349; x_wconf 71' lang='lat' dir='ltr'>episcopo,</span> <span class='ocrx_word' id='word_1_111' title='bbox 494 2263 556 2334; x_wconf 90' lang='lat' dir='ltr'>qm</span> <span class='ocrx_word' id='word_1_112' title='bbox 547 2237 738 2335; x_wconf 82' lang='lat' dir='ltr'>gladiis&#39;</span> <span class='ocrx_word' id='word_1_113' title='bbox 728 2237 930 2338; x_wconf 77' lang='lat' dir='ltr'>impiorum</span> <span class='ocrx_word' id='word_1_114' title='bbox 948 2238 986 2310; x_wconf 89' lang='lat' dir='ltr'>in</span> <span class='ocrx_word' id='word_1_115' title='bbox 1005 2235 1171 2310; x_wconf 87' lang='lat' dir='ltr'>Revele</span> <span class='ocrx_word' id='word_1_116' title='bbox 1161 2258 1269 2332; x_wconf 80' lang='lat' dir='ltr'>rugu-</span> 
     </span>
     <span class='ocr_line' id='line_1_19' title="bbox 170 2336 1268 2450; baseline -0.002 -43"><span class='ocrx_word' id='word_1_117' title='bbox 170 2337 302 2408; x_wconf 89' lang='lat' dir='ltr'>latus</span> <span class='ocrx_word' id='word_1_118' title='bbox 293 2361 330 2408; x_wconf 88' lang='lat' dir='ltr'>rn</span> <span class='ocrx_word' id='word_1_119' title='bbox 349 2347 570 2450; x_wconf 68' lang='lat' dir='ltr'>martyrum,</span> <span class='ocrx_word' id='word_1_120' title='bbox 599 2348 639 2409; x_wconf 91' lang='lat' dir='ltr'>ut</span> <span class='ocrx_word' id='word_1_121' title='bbox 660 2361 870 2435; x_wconf 67' lang='lat' dir='ltr'>speramus7</span> <span class='ocrx_word' id='word_1_122' title='bbox 898 2336 1129 2410; x_wconf 83' lang='lat' dir='ltr'>consortium</span> <span class='ocrx_word' id='word_1_123' title='bbox 1147 2345 1268 2407; x_wconf 89' lang='lat' dir='ltr'>trans·</span> 
     </span>
     <span class='ocr_line' id='line_1_20' title="bbox 171 2434 1266 2548; baseline 0 -42"><span class='ocrx_word' id='word_1_124' title='bbox 171 2435 258 2531; x_wconf 81' lang='lat' dir='ltr'>ivit,</span> <span class='ocrx_word' id='word_1_125' title='bbox 294 2437 452 2510; x_wconf 91' lang='lat' dir='ltr'>antistes</span> <span class='ocrx_word' id='word_1_126' title='bbox 478 2438 711 2534; x_wconf 88' lang='lat' dir='ltr'>Lyvonensis</span> <span class='ocrx_word' id='word_1_127' title='bbox 731 2437 943 2512; x_wconf 85' lang='lat' dir='ltr'>Albertus</span> <span class='ocrx_word' id='word_1_128' title='bbox 933 2463 970 2510; x_wconf 90' lang='grc'>111</span> <span class='ocrx_word' id='word_1_129' title='bbox 997 2435 1158 2510; x_wconf 89' lang='lat' dir='ltr'>locum</span> <span class='ocrx_word' id='word_1_130' title='bbox 1147 2434 1266 2548; x_wconf 80' lang='lat' dir='ltr'>ipsius</span> 
     </span>
     <span class='ocr_line' id='line_1_21' title="bbox 172 2535 1267 2630; baseline -0.002 -22"><span class='ocrx_word' id='word_1_131' title='bbox 172 2537 330 2611; x_wconf 85' lang='lat' dir='ltr'>fratrem</span> <span class='ocrx_word' id='word_1_132' title='bbox 349 2561 460 2610; x_wconf 90' lang='lat' dir='ltr'>suum</span> <span class='ocrx_word' id='word_1_133' title='bbox 479 2539 751 2630; x_wconf 71' lang='lat' dir='ltr'>Hermannum,</span> <span class='ocrx_word' id='word_1_134' title='bbox 774 2562 849 2610; x_wconf 92' lang='lat' dir='ltr'>non</span> <span class='ocrx_word' id='word_1_135' title='bbox 869 2536 993 2610; x_wconf 89' lang='lat' dir='ltr'>minus</span> <span class='ocrx_word' id='word_1_136' title='bbox 1010 2535 1267 2610; x_wconf 88' lang='lat' dir='ltr'>venerabilem</span> 
     </span>
     <span class='ocr_line' id='line_1_22' title="bbox 170 2636 1270 2735; baseline -0.003 -26"><span class='ocrx_word' id='word_1_137' title='bbox 170 2637 273 2735; x_wconf 93' lang='lat' dir='ltr'>apud</span> <span class='ocrx_word' id='word_1_138' title='bbox 293 2636 470 2710; x_wconf 90' lang='lat' dir='ltr'>Bremam</span> <span class='ocrx_word' id='word_1_139' title='bbox 488 2637 617 2711; x_wconf 88' lang='lat' dir='ltr'>Sancti</span> <span class='ocrx_word' id='word_1_140' title='bbox 643 2638 746 2711; x_wconf 89' lang='lat' dir='ltr'>Pauli</span> <span class='ocrx_word' id='word_1_141' title='bbox 774 2639 966 2718; x_wconf 78' lang='lat' dir='ltr'>abbatem,</span> <span class='ocrx_word' id='word_1_142' title='bbox 994 2637 1197 2732; x_wconf 78' lang='lat' dir='ltr'>substituit,</span> <span class='ocrx_word' id='word_1_143' title='bbox 1231 2644 1270 2707; x_wconf 91' lang='grc'>91</span> 
     </span>
     <span class='ocr_line' id='line_1_23' title="bbox 172 2735 1268 2836; baseline -0.001 -27"><span class='ocrx_word' id='word_1_144' title='bbox 172 2738 326 2810; x_wconf 90' lang='lat' dir='ltr'>mittens</span> <span class='ocrx_word' id='word_1_145' title='bbox 358 2737 515 2811; x_wconf 88' lang='lat' dir='ltr'>nuncios</span> <span class='ocrx_word' id='word_1_146' title='bbox 551 2764 619 2836; x_wconf 90' lang='lat' dir='ltr'>per</span> <span class='ocrx_word' id='word_1_147' title='bbox 647 2738 849 2812; x_wconf 86' lang='lat' dir='ltr'>Coroniam</span> <span class='ocrx_word' id='word_1_148' title='bbox 884 2749 921 2811; x_wconf 90' lang='lat' dir='ltr'>et</span> <span class='ocrx_word' id='word_1_149' title='bbox 945 2736 1203 2812; x_wconf 88' lang='lat' dir='ltr'>Samlandiam</span> <span class='ocrx_word' id='word_1_150' title='bbox 1230 2735 1268 2808; x_wconf 91' lang='lat' dir='ltr'>in</span> 
     </span>
     <span class='ocr_line' id='line_1_24' title="bbox 170 2836 1269 2937; baseline -0.001 -27"><span class='ocrx_word' id='word_1_151' title='bbox 170 2837 463 2935; x_wconf 78' lang='lat' dir='ltr'>Theuthouiam,</span> <span class='ocrx_word' id='word_1_152' title='bbox 480 2839 622 2911; x_wconf 85' lang='lat' dir='ltr'>lactum</span> <span class='ocrx_word' id='word_1_153' title='bbox 641 2840 713 2912; x_wconf 91' lang='lat' dir='ltr'>hoc</span> <span class='ocrx_word' id='word_1_154' title='bbox 732 2864 766 2911; x_wconf 83' lang='lat' dir='ltr'>er</span> <span class='ocrx_word' id='word_1_155' title='bbox 757 2837 1021 2937; x_wconf 82' lang='lat' dir='ltr'>significavit</span> <span class='ocrx_word' id='word_1_156' title='bbox 1063 2836 1196 2911; x_wconf 87' lang='lat' dir='ltr'>Unde</span> <span class='ocrx_word' id='word_1_157' title='bbox 1186 2859 1269 2934; x_wconf 82' lang='lat' dir='ltr'>ipse</span> 
     </span>
     <span class='ocr_line' id='line_1_25' title="bbox 172 2938 1324 3053; baseline -0.002 -43"><span class='ocrx_word' id='word_1_158' title='bbox 172 2939 220 3010; x_wconf 88' lang='lat' dir='ltr'>ad</span> <span class='ocrx_word' id='word_1_159' title='bbox 240 2939 567 3038; x_wconf 89' lang='lat' dir='ltr'>archiepiscopum</span> <span class='ocrx_word' id='word_1_160' title='bbox 586 2938 987 3053; x_wconf 77' lang='lat' dir='ltr'>Magdeburgensem⁹³</span> <span class='ocrx_word' id='word_1_161' title='bbox 1006 2940 1203 3024; x_wconf 88' lang='lat' dir='ltr'>accedens</span> <span class='ocrx_word' id='word_1_162' title='bbox 1221 2939 1268 3009; x_wconf 91' lang='lat' dir='ltr'>ab</span> <span class='ocrx_word' id='word_1_163' title='bbox 1321 2959 1324 2968; x_wconf 54' lang='lat'>¹</span> 
     </span>
     <span class='ocr_line' id='line_1_26' title="bbox 171 3037 1267 3156; baseline -0.003 -44"><span class='ocrx_word' id='word_1_164' title='bbox 171 3062 219 3112; x_wconf 88' lang='lat' dir='ltr'>eo</span> <span class='ocrx_word' id='word_1_165' title='bbox 252 3049 496 3113; x_wconf 88' lang='lat' dir='ltr'>consecratus</span> <span class='ocrx_word' id='word_1_166' title='bbox 529 3049 587 3113; x_wconf 90' lang='lat' dir='ltr'>est</span> <span class='ocrx_word' id='word_1_167' title='bbox 618 3041 818 3156; x_wconf 88' lang='lat' dir='ltr'>episcopus</span> <span class='ocrx_word' id='word_1_168' title='bbox 848 3040 886 3113; x_wconf 92' lang='lat' dir='ltr'>in</span> <span class='ocrx_word' id='word_1_169' title='bbox 917 3041 983 3112; x_wconf 80' lang='lat' dir='ltr'>Est</span> <span class='ocrx_word' id='word_1_170' title='bbox 968 3039 1124 3112; x_wconf 88' lang='lat' dir='ltr'>toniam.</span> <span class='ocrx_word' id='word_1_171' title='bbox 1184 3037 1267 3124; x_wconf 84' lang='lat' dir='ltr'>Quo</span> 
     </span>
     <span class='ocr_line' id='line_1_27' title="bbox 171 3138 1270 3238; baseline -0.003 -27"><span class='ocrx_word' id='word_1_172' title='bbox 171 3139 301 3211; x_wconf 89' lang='lat' dir='ltr'>audito</span> <span class='ocrx_word' id='word_1_173' title='bbox 319 3165 386 3213; x_wconf 85' lang='lat' dir='ltr'>rex</span> <span class='ocrx_word' id='word_1_174' title='bbox 403 3140 519 3214; x_wconf 92' lang='lat' dir='ltr'>Dacie</span> <span class='ocrx_word' id='word_1_175' title='bbox 542 3140 614 3214; x_wconf 89' lang='lat' dir='ltr'>iter</span> <span class='ocrx_word' id='word_1_176' title='bbox 635 3140 752 3238; x_wconf 89' lang='lat' dir='ltr'>ipsius</span> <span class='ocrx_word' id='word_1_177' title='bbox 771 3141 808 3212; x_wconf 92' lang='lat' dir='ltr'>in</span> <span class='ocrx_word' id='word_1_178' title='bbox 826 3141 1033 3236; x_wconf 83' lang='lat' dir='ltr'>Lyvoniam</span> <span class='ocrx_word' id='word_1_179' title='bbox 1060 3141 1106 3213; x_wconf 90' lang='lat' dir='ltr'>ad</span> <span class='ocrx_word' id='word_1_180' title='bbox 1126 3138 1270 3235; x_wconf 87' lang='lat' dir='ltr'>aliquot</span> 
     </span>
    </p>
   </div>
   <div class='ocr_carea' id='block_1_3' title="bbox 171 3239 1269 3515">
    <p class='ocr_par' dir='ltr' id='par_1_7' title="bbox 171 3239 1269 3515">
     <span class='ocr_line' id='line_1_28' title="bbox 171 3239 1269 3354; baseline -0.002 -42"><span class='ocrx_word' id='word_1_181' title='bbox 171 3263 294 3313; x_wconf 91' lang='lat' dir='ltr'>annos</span> <span class='ocrx_word' id='word_1_182' title='bbox 319 3239 524 3354; x_wconf 83' lang='lat' dir='ltr'>impedivit.</span> <span class='ocrx_word' id='word_1_183' title='bbox 574 3241 659 3328; x_wconf 84' lang='lat' dir='ltr'>Qua</span> <span class='ocrx_word' id='word_1_184' title='bbox 684 3242 729 3314; x_wconf 91' lang='lat' dir='ltr'>de</span> <span class='ocrx_word' id='word_1_185' title='bbox 748 3265 862 3314; x_wconf 89' lang='lat' dir='ltr'>causa</span> <span class='ocrx_word' id='word_1_186' title='bbox 881 3242 981 3315; x_wconf 90' lang='lat' dir='ltr'>idem</span> <span class='ocrx_word' id='word_1_187' title='bbox 1001 3241 1202 3354; x_wconf 80' lang='lat' dir='ltr'>episcopus</span> <span class='ocrx_word' id='word_1_188' title='bbox 1222 3239 1269 3311; x_wconf 89' lang='lat' dir='ltr'>ad</span> 
     </span>
     <span class='ocr_line' id='line_1_29' title="bbox 172 3339 1269 3466; baseline -0.003 -53"><span class='ocrx_word' id='word_1_189' title='bbox 172 3364 305 3438; x_wconf 82' lang='lat' dir='ltr'>regem</span> <span class='ocrx_word' id='word_1_190' title='bbox 318 3340 485 3454; x_wconf 70' lang='lat' dir='ltr'>veniens,</span> <span class='ocrx_word' id='word_1_191' title='bbox 501 3340 762 3437; x_wconf 89' lang='lat' dir='ltr'>episcopatum</span> <span class='ocrx_word' id='word_1_192' title='bbox 778 3345 823 3413; x_wconf 91' lang='lat' dir='ltr'>ab</span> <span class='ocrx_word' id='word_1_193' title='bbox 838 3364 883 3416; x_wconf 90' lang='lat' dir='ltr'>eo</span> <span class='ocrx_word' id='word_1_194' title='bbox 899 3341 1074 3438; x_wconf 89' lang='lat' dir='ltr'>promisit</span> <span class='ocrx_word' id='word_1_195' title='bbox 1087 3339 1269 3466; x_wconf 84' lang='lat' dir='ltr'>recipien-</span> 
     </span>
     <span class='ocr_line' id='line_1_30' title="bbox 173 3439 838 3515; baseline 0 -3"><span class='ocrx_word' id='word_1_196' title='bbox 173 3443 264 3513; x_wconf 91' lang='lat' dir='ltr'>dum</span> <span class='ocrx_word' id='word_1_197' title='bbox 285 3451 375 3514; x_wconf 90' lang='grc'>9191</span> <span class='ocrx_word' id='word_1_198' title='bbox 366 3439 555 3515; x_wconf 89' lang='lat' dir='ltr'>fideliter</span> <span class='ocrx_word' id='word_1_199' title='bbox 573 3440 838 3513; x_wconf 89' lang='lat' dir='ltr'>adherendum.</span> 
     </span>
    </p>
   </div>
   <div class='ocr_carea' id='block_1_4' title="bbox 249 3595 1533 3954">
    <p class='ocr_par' dir='ltr' id='par_1_8' title="bbox 249 3595 1533 3940">
     <span class='ocr_line' id='line_1_31' title="bbox 249 3595 1533 3736; baseline -0.012 -22"><span class='ocrx_word' id='word_1_200' title='bbox 249 3643 379 3714; x_wconf 87' lang='lat' dir='ltr'>Annus</span> <span class='ocrx_word' id='word_1_201' title='bbox 397 3629 625 3714; x_wconf 81' lang='lat' dir='ltr'>hisdecimus</span> <span class='ocrx_word' id='word_1_202' title='bbox 644 3595 821 3712; x_wconf 90' lang='lat' dir='ltr'>antistitis</span> <span class='ocrx_word' id='word_1_203' title='bbox 841 3651 952 3736; x_wconf 90' lang='lat' dir='ltr'>atque</span> <span class='ocrx_word' id='word_1_204' title='bbox 970 3642 1158 3714; x_wconf 89' lang='lat' dir='ltr'>secundus</span> <span class='ocrx_word' id='word_1_205' title='bbox 1280 3642 1412 3727; x_wconf 82' lang='lat' dir='ltr'>(XXIV.)</span> <span class='ocrx_word' id='word_1_206' title='bbox 1518 3599 1533 3715; x_wconf 75' lang='lat' dir='ltr'>‚l</span> 
     </span>
     <span class='ocr_line' id='line_1_32' title="bbox 250 3727 1359 3838; baseline -0.007 -25"><span class='ocrx_word' id='word_1_207' title='bbox 250 3741 329 3813; x_wconf 89' lang='lat' dir='ltr'>lam</span> <span class='ocrx_word' id='word_1_208' title='bbox 348 3741 429 3838; x_wconf 68' lang='lat' dir='ltr'>fuit,</span> <span class='ocrx_word' id='word_1_209' title='bbox 458 3751 497 3815; x_wconf 89' lang='grc'>91</span> <span class='ocrx_word' id='word_1_210' title='bbox 513 3740 703 3813; x_wconf 88' lang='lat' dir='ltr'>modicum</span> <span class='ocrx_word' id='word_1_211' title='bbox 721 3741 916 3836; x_wconf 89' lang='lat' dir='ltr'>Lyvonum</span> <span class='ocrx_word' id='word_1_212' title='bbox 932 3750 1035 3814; x_wconf 88' lang='lat' dir='ltr'>terra</span> <span class='ocrx_word' id='word_1_213' title='bbox 1054 3738 1204 3837; x_wconf 89' lang='lat' dir='ltr'>quievit.</span> <span class='ocrx_word' id='word_1_214' title='bbox 1280 3727 1359 3782; x_wconf 74' lang='lat'><strong>¹2²⁰·</strong></span> 
     </span>
     <span class='ocr_line' id='line_1_33' title="bbox 249 3839 1269 3954; baseline 0 -42"><span class='ocrx_word' id='word_1_215' title='bbox 249 3840 354 3915; x_wconf 88' lang='lat' dir='ltr'>ldem</span> <span class='ocrx_word' id='word_1_216' title='bbox 382 3841 541 3945; x_wconf 85' lang='lat' dir='ltr'>antistes</span> <span class='ocrx_word' id='word_1_217' title='bbox 568 3841 853 3954; x_wconf 81' lang='lat' dir='ltr'>predicatores</span> <span class='ocrx_word' id='word_1_218' title='bbox 843 3866 880 3913; x_wconf 88' lang='grc'>19</span> <span class='ocrx_word' id='word_1_219' title='bbox 906 3840 1101 3914; x_wconf 83' lang='lat' dir='ltr'>Estoniam</span> <span class='ocrx_word' id='word_1_220' title='bbox 1120 3839 1269 3953; x_wconf 76' lang='lat' dir='ltr'>mittere</span> 
     </span>
    </p>
   </div>
   <div class='ocr_carea' id='block_1_5' title="bbox 172 3937 1270 4041">
    <p class='ocr_par' dir='ltr' id='par_1_9' title="bbox 172 3937 1270 4041">
     <span class='ocr_line' id='line_1_34' title="bbox 172 3937 1270 4041; baseline -0.002 -27"><span class='ocrx_word' id='word_1_221' title='bbox 172 3939 373 4040; x_wconf 59' lang='lat' dir='ltr'>sollicitus</span> <span class='ocrx_word' id='word_1_222' title='bbox 393 3937 501 4016; x_wconf 91' lang='lat' dir='ltr'>ouius</span> <span class='ocrx_word' id='word_1_223' title='bbox 514 3941 692 4015; x_wconf 84' lang='lat' dir='ltr'>instantia</span> <span class='ocrx_word' id='word_1_224' title='bbox 707 3939 919 4014; x_wconf 86' lang='lat' dir='ltr'>sollicitudo</span> <span class='ocrx_word' id='word_1_225' title='bbox 935 3966 1086 4041; x_wconf 88' lang='lat' dir='ltr'>semper</span> <span class='ocrx_word' id='word_1_226' title='bbox 1100 3938 1270 4014; x_wconf 90' lang='lat' dir='ltr'>omnium</span> 
     </span>
    </p>
   </div>
   <div class='ocr_carea' id='block_1_6' title="bbox 174 4139 489 4210">
    <p class='ocr_par' dir='ltr' id='par_1_10' title="bbox 174 4139 489 4210">
     <span class='ocr_line' id='line_1_35' title="bbox 174 4139 489 4210; baseline 0.01 -19"><span class='ocrx_word' id='word_1_227' title='bbox 174 4139 222 4210; x_wconf 76' lang='lat'>9³)</span> <span class='ocrx_word' id='word_1_228' title='bbox 243 4139 383 4196; x_wconf 78' lang='lat' dir='ltr'>Albertum</span> <span class='ocrx_word' id='word_1_229' title='bbox 402 4140 423 4195; x_wconf 93' lang='lat' dir='ltr'>l.</span> <span class='ocrx_word' id='word_1_230' title='bbox 484 4145 489 4154; x_wconf 95' lang='lat'>&#39;</span> 
     </span>
    </p>
   </div>
   <div class='ocr_carea' id='block_1_7' title="bbox 0 0 1546 5018">
    <p class='ocr_par' dir='ltr' id='par_1_11' title="bbox 0 0 1546 5018">
     <span class='ocr_line' id='line_1_36' title="bbox 0 0 1546 5018; baseline 0 0"><span class='ocrx_word' id='word_1_231' title='bbox 0 0 1546 5018; x_wconf 95' lang='lat' dir='ltr'> </span> 
     </span>
    </p>
   </div>
  </div>
 </body>
</html>
