3084 5018
286 474 498 550 HEINRlCl
525 475 802 552 CHRONICON
827 477 1076 553 LYVONlAE.
1151 484 1220 555 177

129 676 297 751 habeant
313 676 352 750 in
370 679 522 752 nomine
540 677 634 777 eius,
652 678 713 776 qui
733 691 791 754 est
808 679 1024 755 benedictus
1038 679 1076 753 in
1094 682 1224 756 secula

131 778 360 851 seculorum.
396 782 527 853 Amen.

208 879 472 953 Convenerunt
489 879 609 955 eciam
627 881 760 956 eodem
778 891 948 980 ternpore
967 881 1068 956 cives
1090 882 1224 981 Rigen·
1286 883 1339 968 (3.)

129 1003 194 1053 ses
221 1005 312 1064 cum„
334 983 605 1054 mercatoribus
631 992 670 1056 et
695 1007 781 1055 cum
806 983 1018 1078 Lyvonibus
1042 993 1079 1057 et
1103 983 1223 1058 Lettis

131 1081 230 1178 apud
256 1081 498 1179 Thoreidam,
531 1082 770 1157 coniurantes
798 1093 834 1157 et
860 1083 1119 1181 conspirantes
1143 1094 1223 1157 tam

132 1192 263 1255 contra
290 1207 422 1281 regem
446 1182 575 1280 Dacie,
602 1209 715 1281 quam
742 1194 871 1258 contra
898 1195 1054 1258 cunctos
1073 1184 1143 1258 sibi
1161 1186 1224 1258 ad·

128 1292 336 1358 versantes.
382 1284 429 1356 Et
451 1284 635 1357 miserunt
658 1286 794 1359 fratres
819 1285 952 1359 militie
971 1309 1100 1359 servos
1119 1309 1222 1382 suco,

131 1394 168 1457 et
194 1393 374 1481 ceperunt
400 1385 581 1483 quosdam
607 1411 652 1459 ex
676 1386 886 1460 senioribus
904 1386 1111 1483 Lyvonum,
1131 1398 1168 1460 et
1186 1387 1223 1459 in
1353 1401 1355 1409 ’

129 1484 341 1584 Sigewalde
365 1485 607 1584 proiecerunt
624 1510 690 1560 eos
708 1487 745 1560 in
763 1487 924 1583 vincula,
951 1489 1049 1562 unde
1067 1487 1224 1586 dissipa·

129 1597 211 1658 tum
230 1596 288 1660 est
305 1586 506 1659 consilium
524 1587 695 1660 aliorum.
741 1588 788 1660 Et
812 1587 1038 1662 remiserunt
1062 1588 1224 1663 llutheni

129 1687 356 1784 rescriptum
373 1687 478 1785 pacis
494 1690 539 1762 de
557 1689 808 1802 Plescekowe,
836 1714 908 1786 que
925 1691 1024 1763 facta
1043 1689 1114 1762 fuit
1133 1699 1224 1788 aput

113 1787 312 1887 'Odempe,
328 1799 366 1862 et
378 1792 632 1903 sequebantur
645 1789 774 1863 statim
789 1815 875 1863 cum
890 1790 1056 1864 exercitu
1070 1813 1222 1888 magno,

130 1899 168 1964 et
186 1900 338 1987 preerat
362 1889 541 1964 exercitui
569 1914 635 1964 rex
660 1890 860 1989 Nogardie,
888 1891 948 1988 qui
972 1891 1099 1964 statim
1123 1915 1220 1964 anno

129 1990 301 2086 sequenti
320 2014 342 2063 a
360 1990 525 2064 Tartaris
545 1972 691 2065 occisus
710 2001 778 2065 est
814 1990 861 2063 Et
879 2001 986 2065 erant
1003 1991 1041 2063 in
1055 1990 1221 2066 exercitu

128 2090 193 2163 illo
213 2091 410 2165 duodecim
428 2091 533 2164 milia
551 2091 822 2188 Ruthenorum,
850 2092 912 2189 qui
935 2104 1120 2167 venerant
1143 2103 1221 2165 tam

128 2193 175 2265 de
199 2193 387 2289 Nogardia
406 2217 517 2290 quam
537 2195 583 2267 de
608 2192 690 2265 aliis
709 2193 919 2266 civitatibus
936 2193 1073 2268 Ruscie
1091 2204 1223 2268 contra

130 2291 369 2390 christianos,
403 2295 466 2390 qui
495 2304 601 2367 erant
626 2294 663 2367 in
686 2293 864 2390 Lyvonia.
907 2293 955 2368 Et
978 2305 1161 2369 venerunt
1183 2294 1221 2366 in

127 2403 270 2468 terram
288 2393 496 2491 Lettorum,
524 2405 562 2469 et
579 2396 757 2469 sederunt
781 2405 1023 2492 expectantes
1044 2395 1221 2469 Lettones
1252 2431 1257 2442 ·

128 2495 345 2568 ebdomadis
365 2497 520 2594 duabuS,
538 2506 730 2570 vastantes
746 2519 803 2592 ea,
822 2495 945 2592 quein
958 2495 1081 2569 vicino
1101 2505 1219 2570 erant.

125 2595 218 2668 Post
241 2596 314 2669 hoc
341 2596 736 2695 appropinquaverunt
762 2596 809 2668 ad
837 2597 1030 2669 Wendam.
1076 2595 1220 2684 Quibus

128 2707 373 2770 occurrerunt
390 2699 526 2772 fratres
545 2697 677 2772 militie
696 2722 782 2770 cum
800 2696 955 2772 Wendis
974 2696 1055 2770 suis
1072 2698 1117 2770 ad
1136 2722 1221 2796 por·

125 2807 218 2892 tam,
250 2808 287 2872 et
312 2823 388 2871 non
414 2799 585 2872 volentes
612 2797 790 2872 resistere
816 2797 1054 2896 multitudini,
1086 2799 1220 2871 domos

9 2961 11 2990 2
127 2909 165 2971 et
182 2898 312 2973 villam
338 2898 583 2973 incenderunt
609 2910 646 2974 et
673 2899 953 2974 declinaverunt
980 2899 1024 2971 ad
1052 2909 1218 2972 castrum

9 3025 11 3100 ζ
125 3021 248 3071 suum.
285 3000 447 3074 Rutheni
464 3025 554 3075 vero
574 3001 828 3099 relinquentes
856 3011 1022 3074 castrum
1040 3000 1221 3073 transive-

123 3111 213 3172 runt
239 3099 415 3198 Coiwam,
444 3112 482 3175 ot
498 3112 682 3177 venerunt
708 3102 744 3175 in
764 3102 1001 3199 Thoreidam,
1028 3111 1066 3174 et
1092 3101 1221 3198 depre-

125 3201 310 3275 daverunt
325 3212 446 3275 totam
463 3214 617 3302 terram,
643 3204 884 3278 incendentes
896 3203 1004 3277 villas
1024 3225 1155 3275 omnes
1184 3212 1222 3276 et

125 3289 306 3376 ecclesias
337 3313 376 3377 et
411 3329 620 3401 annonam
660 3330 731 3401 que
762 3304 839 3378 iam
869 3304 1028 3378 collecta
1061 3313 1142 3377 erat
1180 3303 1218 3374 in

126 3405 283 3502 campiS,
310 3413 348 3478 et
373 3404 545 3478 homines
566 3403 755 3501 capientes
781 3414 819 3478 et
835 3403 1102 3476 interficientes
1120 3403 1219 3476 lece·

124 3516 212 3578 runt
238 3505 338 3578 mala
363 3504 539 3578 multam
558 3515 670 3577 terra.
713 3504 892 3578 Letttones
916 3528 1006 3577 vero
1024 3502 1218 3577 venientes

11 3699 14 3708 ,
125 3606 260 3680 eadem
285 3606 345 3679 via
372 3631 491 3706 prope
522 3606 705 3680 Wendam
734 3608 985 3702 sequebantur
1010 3603 1217 3717 Ruthenos,

125 3717 163 3780 et
182 3717 420 3781 transeuntes
440 3706 604 3780 Coiwam
622 3716 807 3782 venerunt
824 3706 868 3778 ad
890 3729 968 3803 ece,
996 3715 1033 3778 et
1060 3729 1131 3802 que
1149 3704 1218 3776 mi·

124 3831 195 3880 nus
222 3809 518 3882 malefecerunt
544 3807 717 3898 Rutheni,
743 3805 913 3880 Litowini
938 3808 1215 3920 suppleverunt.

123 3910 172 3982 Et
198 3908 311 3982 exivit
328 3911 373 3983 de
391 3909 485 4007 Riga
503 3908 684 4007 magister
701 3909 860 3981 fratrum
878 3905 1010 3980 militie
1035 3932 1118 3981 cum
1137 3906 1216 3979 suis

126 4021 165 4084 et
190 4009 294 4082 Bodo
319 4010 429 4083 miles
457 4034 542 4082 cum
574 4009 796 4107 quibusdam
831 4007 1057 4107 peregrinis,
1088 4007 1216 4082 etalii

124 4112 235 4226 pauci
260 4114 512 4209 sequebantur
537 4121 692 4209 propter
716 4110 960 4207 discordiam,
996 4133 1067 4206 que
1093 4109 1218 4183 fuerat

123 4213 162 4285 in
180 4223 293 4286 terura
337 4212 385 4284 Et
403 4212 493 4284 abiit
512 4213 692 4352 magister
710 4237 795 4286 cum
815 4211 893 4285 suis
913 4221 1052 4284 etcum
1072 4209 1154 4284 aliis
1173 4224 1216 4284 se
