3104 5012
337 677 529 776 captivum
548 677 791 751 deduxerunt.
837 675 1063 775 Supervenit
1082 686 1211 750 autem
1228 677 1436 775 Volquinus

339 777 478 852 milicie
505 776 644 850 Christi
667 777 863 876 magister,
888 777 995 850 cuius
1022 778 1160 850 fratres
1178 797 1266 850 cum
1292 801 1438 853 meroa-

215 935 220 946 .
337 878 482 952 toribus
507 877 656 951 Dunam
684 878 942 952 ascenderant.
986 878 1286 976 Persequebatur
1308 878 1436 976 itaque

338 980 521 1078 magister
546 978 707 1052 Letones
734 1002 821 1052 cum
844 978 995 1075 paucis,
1031 990 1068 1052 et
1094 978 1232 1052 invasit
1256 1002 1323 1054 eos
1350 991 1438 1078 post

336 1089 500 1193 tergum,
527 1088 564 1153 et
581 1078 765 1177 pugnavit
782 1102 869 1151 cum
888 1077 956 1174 eis,
984 1089 1022 1153 et
1040 1078 1174 1152 cecidit
1191 1078 1370 1177 princeps
1390 1105 1434 1153 ac

335 1179 683 1254 scn101·Lettonnm
702 1189 740 1252 et
758 1177 905 1252 occisus
925 1189 994 1274 est,
1023 1178 1187 1253 etmulti
1206 1203 1292 1252 cum
1313 1204 1372 1277 eo,
1398 1193 1436 1254 et

336 1280 454 1354 ceteri
479 1281 661 1378 fugerunt
684 1291 722 1353 et
746 1289 959 1374 evaserunt,
988 1278 1050 1377 qui
1077 1279 1115 1352 in
1134 1278 1257 1377 prima
1281 1281 1436 1354 fuerunt

335 1380 435 1475 acie,
470 1390 508 1454 et
538 1379 738 1454 Uldewene
768 1402 899 1453 secum
931 1380 1174 1453 deduxerunt.
1226 1380 1297 1458 Pro
1326 1381 1435 1456 cuius

336 1481 594 1578 redemptione
621 1489 754 1578 postea
781 1479 910 1552 datum
938 1490 996 1553 est
1019 1481 1140 1578 capud
1160 1479 1332 1554 eiusdem
1349 1481 1435 1556 Let-

335 1581 436 1654 tonis
455 1579 583 1677 occisi,
611 1589 651 1652 ut
678 1580 815 1653 saltem
843 1579 967 1678 capite
992 1589 1146 1678 recepto
1174 1580 1317 1655 debitas
1344 1594 1434 1679 post

336 1705 422 1756 eum
441 1681 676 1755 celebrarent
694 1704 781 1754 oum
798 1679 1057 1778 potationibus
1071 1705 1178 1756 more
1195 1704 1433 1780 paganorum

333 1805 523 1879 exequias.

272 1895 323 1981 (6.)
408 1883 553 1978 Hyeme
571 1880 743 1978 sequenti
760 1880 1026 1954 Woldemarus
1045 1905 1132 1955 cum
1151 1905 1270 1956 uxore
1287 1892 1324 1956 et
1343 1879 1431 1956 filiis

333 1994 372 2056 et
398 1982 500 2056 omni
527 1981 670 2056 familia
696 2005 766 2055 sua
791 2005 967 2054 reversus
993 1991 1050 2056 est
1074 1982 1112 2054 in
1138 1982 1361 2078 Lyvoniam‚
1394 1993 1432 2056 et

332 2093 558 2180 receperunt
582 2107 669 2156 eum
693 2081 791 2154 Letti
810 2106 896 2155 cunr
915 2081 1106 2178 tremas,
1135 2083 1223 2155 licet
1241 2107 1316 2172 non
1336 2083 1431 2154 rnul-

332 2193 412 2255 tum
439 2184 659 2282 gaudentes,
687 2192 724 2256 et
749 2181 934 2255 miserunt
961 2183 994 2256 ei
1013 2183 1230 2257 sacerdotes
1250 2183 1430 2258 Alabran·

221 2319 236 2350 t
332 2283 401 2356 dus
421 2293 459 2358 et
476 2283 661 2358 Henricus
686 2306 876 2356 annonam
902 2293 939 2357 et
965 2307 1136 2380 munera,
1163 2294 1200 2356 et
1229 2283 1327 2357 sedit
1352 2285 1428 2358 Me·

330 2383 459 2481 timne,
486 2383 655 2458 iudicans
679 2394 717 2456 et
741 2383 924 2481 colligens
953 2383 998 2456 de
1023 2383 1230 2480 provincia,
1258 2383 1426 2480 quesibi
1534 2463 1535 2470 ἵ

330 2486 482 2558 fuerunt
512 2484 737 2560 necessaria.
800 2482 847 2555 Et
878 2495 1061 2558 venerunt
1095 2484 1233 2558 iterum
1263 2484 1425 2558 Letones
1533 2535 1534 2546 a

329 2595 433 2658 trans
447 2585 597 2659 Dunam
615 2609 702 2658 cum
720 2582 903 2658 comitatu
920 2607 1002 2680 suo,
1021 2595 1059 2657 et
1076 2594 1158 2658 erat
1171 2609 1259 2658 curn
1277 2585 1331 2658 eis
1351 2586 1425 2658 dux

330 2697 368 2760 et
385 2685 560 2784 princeps
579 2710 711 2760 eorum
730 2683 875 2780 Steuse,
903 2685 948 2759 de
973 2685 1079 2758 cuius
1106 2686 1268 2759 adventu
1286 2687 1425 2784 gaude·

329 2788 419 2859 bant
431 2785 690 2860 Theuthonici.
726 2785 771 2858 Et
790 2796 1046 2860 convenerunt
1060 2809 1192 2859 omnes
1210 2785 1325 2858 simul
1338 2785 1424 2860 Ber·

328 2887 454 2960 toldus
473 2887 518 2960 de
538 2886 705 2961 Wenden
732 2885 1019 2960 cumfratribus
1046 2887 1136 2982 suis,
1163 2896 1344 2961 vocantes
1368 2911 1426 2961 se·

329 3011 416 3059 cum
434 2987 718 3060 Woldemarum
736 3010 867 3084 regern
890 3011 977 3060 cum
996 2986 1078 3061 aliis
1097 2987 1368 3069 Theuthonicis
1388 2998 1424 3061 et

329 3086 459 3160 Lettis
500 3086 546 3158 Et
564 3097 809 3160 occurrerunt
827 3087 893 3184 eis,
920 3099 1105 3184 ponentes
1123 3087 1277 3160 insidias
1296 3086 1334 3160 in
1352 3087 1424 3184 via,

330 3197 368 3261 et
398 3186 587 3261 irruerunt
614 3210 729 3285 super
760 3211 844 3280 eosq
882 3188 1096 3270 occidentes
1124 3188 1259 3263 ducem
1291 3191 1456 3262 eorum'

328 3285 461 3362 Stecse
487 3287 699 3386 predictum
729 3297 767 3361 et
795 3288 889 3360 alios
917 3312 1030 3385 quarn
1055 3289 1202 3388 plureS,
1238 3299 1277 3362 et
1307 3288 1422 3363 ceteri

328 3388 519 3486 fugerunt
546 3399 587 3461 ut
603 3389 717 3462 verba
744 3388 845 3461 dorni
865 3388 1099 3487 nunciarent7
1129 3399 1166 3464 et
1183 3390 1287 3463 siluit
1304 3390 1423 3490 eccle·
1523 3481 1525 3490 y

327 3490 383 3561 sia
402 3488 531 3564 diebus
548 3489 691 3587 paucis.

345 481 415 553 108
453 411 456 416 ¹
484 474 698 549 HEINRICI
726 473 1004 550 CHRONlCON
1030 473 1283 550 LYVONIAE.

187 3704 316 3790 (xvur.)
403 3693 532 3763 Annus
552 3701 633 3764 erat
650 3689 837 3788 pontificis
855 3700 984 3763 sextus
1004 3691 1184 3789 decimus,
1203 3702 1242 3766 et
1259 3692 1369 3766 rediit
1386 3693 1423 3765 in

238 3790 532 3886 ¹2¹⁴·Lyv0nianr
547 3815 634 3864 cunr
647 3789 856 3889 peregrinis
870 3790 1000 3863 multis
1012 3790 1205 3866 inveniens
1220 3793 1422 3867 ecclesiam
1505 3883 1506 3886 Ἴ

327 3891 431 3989 pacis
451 3891 729 3989 quodammodo
745 3890 870 3987 quiete
889 3891 1129 3990 gaudentem,
1149 3902 1186 3967 et
1200 3893 1422 3992 episcopum

325 3991 599 4088 venerabilem,
635 3991 844 4088 predictum
873 3990 1222 4092 Raceburgensem,
1261 3995 1421 4068 eandem

326 4090 408 4165 vice
426 4115 494 4164 sua
514 4101 720 4190 regentem.
757 4091 804 4164 Et
822 4091 1014 4190 dispositis
1032 4093 1219 4190 omnibus,
1238 4118 1335 4191 quae
1348 4094 1421 4166 dis·
1505 4101 1506 4104 ’

327 4193 499 4290 ponenda
532 4203 654 4288 erant5
689 4193 826 4266 iterum
850 4192 1042 4267 festinavit
1067 4194 1104 4266 in
1131 4191 1420 4288 Theuthoniam,
1497 4265 1500 4272 .
