3084 5018
288 425 361 498 180
424 419 638 495 HRlNRlCl
665 416 943 494 CHRONICON
969 412 1223 491 LYVONIAE.

225 640 275 723 (5,)
361 621 592 697 Mercatores
619 645 768 718 quoque
792 619 974 718 Rigenses
994 618 1098 692 ibant
1124 643 1211 692 curn
1235 642 1377 692 merca·

285 722 449 796 tionibus
468 721 602 795 suisio
621 721 821 816 Rotaliam‚
847 731 885 794 et
901 729 1085 795 venerunt
1101 719 1197 793 Dani
1216 729 1254 793 et
1271 743 1380 816 cepe·

286 833 374 898 runt
400 847 478 920 eos,
507 822 674 897 dieentes
691 833 832 897 terram
850 821 951 921 regis
979 845 1077 917 csse⁷
1105 832 1143 894 et
1165 820 1380 919 ligaverunt
1514 817 1517 910 Ι

288 948 355 999 eos
379 934 418 998 et
442 924 674 999 deduxerunt
693 947 764 1000 eos
792 947 922 996 secum
948 922 986 994 in
1004 921 1164 996 Revelis.
1211 919 1257 993 Et
1275 919 1380 994 misit
1515 921 1517 970 ἴ

288 1025 488 1124 episcopos
514 1024 687 1123 Rigensis
707 1035 745 1099 et
768 1024 951 1122 magister
977 1023 1110 1097 militie
1135 1031 1315 1120 rogantes
1339 1031 1382 1094 ot

287 1126 523 1204 remitterent
541 1149 623 1221 eos3
651 1135 687 1199 et
705 1125 917 1199 noluerunt.
962 1125 1051 1197 Post
1069 1125 1142 1196 hoc
1159 1121 1380 1196 nunciatum

288 1237 346 1301 est
364 1226 492 1324 Danis,
520 1226 615 1324 quod
635 1225 817 1325 Rigenses
835 1225 1005 1300 venirent
1032 1248 1117 1298 cum
1137 1223 1315 1324 exercitu,
1343 1233 1383 1297 et

154 1349 156 1354 ·
288 1327 417 1400 statim
441 1327 668 1401 remiserunt
686 1351 763 1401 eos.
810 1326 857 1398 Et
874 1350 950 1399 non
975 1326 1122 1401 iverunt
1139 1325 1323 1424 Rigenses
1341 1325 1380 1396 in
1511 1411 1517 1426 ἦ

288 1427 497 1525 Fidoniam,
523 1428 589 1501 sed
615 1452 701 1501 eum
727 1427 938 1523 Lyvonibos
963 1438 1001 1501 et
1025 1426 1143 1500 Lettis
1168 1425 1316 1500 iverunt
1340 1424 1381 1496 in

289 1528 514 1627 Ugaoniam‚
541 1539 579 1602 et
603 1538 854 1602 convocantes
882 1527 927 1600 ad
953 1552 995 1602 se
1013 1527 1314 1601 Sackalanenses
1341 1537 1384 1600 et

288 1630 535 1727 Ugaunenses
555 1629 726 1702 abierunt
742 1629 780 1701 in
806 1627 982 1701 Rosciam
1005 1629 1052 1700 ad
1076 1627 1249 1701 inimicos
1276 1651 1382 1723 suos⁷
1516 1691 1517 1702 ,

290 1729 353 1827 qui
385 1728 591 1825 Lyvoniam
626 1729 900 1828 spoliaverant,
941 1740 978 1804 et
1007 1729 1261 1827 relinquentes
1293 1739 1382 1826 post
1516 1755 1517 1758 ¹

290 1841 440 1928 tergum
466 1831 722 1928 Plescekowe,
757 1856 915 1927 regnum
949 1831 1193 1929 Nogardense
1220 1830 1383 1903 intrave-

290 1942 395 2028 runt,
431 1942 612 2005 ettotam
638 1943 779 2006 terram
809 1931 1030 2005 incircuitu
1063 1931 1381 2030 despoliaverunt,

290 2033 531 2106 incendentes
564 2033 696 2106 domos
733 2043 771 2106 et
799 2032 908 2106 villas
940 2042 977 2106 et
1007 2032 1189 2131 populum
1219 2030 1381 2103 multum

291 2131 481 2232 captivom
500 2133 684 2207 duxerunt
702 2144 739 2207 et
757 2134 852 2206 alios
869 2134 1147 2207 interfecerunt.
1188 2131 1234 2203 Et
1251 2156 1382 2230 perve-

291 2243 426 2306 nerunt
451 2233 549 2308 Letti
574 2235 619 2307 ad
645 2233 858 2330 ecclesiam,
886 2259 958 2331 qoe
984 2235 1109 2307 fuerat
1126 2258 1202 2305 non
1219 2233 1333 2330 longe
1358 2257 1382 2306 a

293 2333 441 2407 civitate
455 2335 656 2433 Nogardia‚
674 2335 851 2409 tollentes
869 2334 1010 2430 icones
1029 2357 1246 2433 campanas,
1263 2333 1382 2405 thori·

293 2436 381 2508 bola
400 2446 437 2509 et
455 2435 604 2533 similia,
632 2446 669 2509 et
695 2461 780 2509 cum
807 2435 935 2533 spoliis
963 2435 1091 2508 multis
1117 2435 1307 2508 redierunt
1333 2434 1381 2506 ad

293 2535 509 2610 exercitum.
560 2537 607 2608 Et
632 2538 731 2610 facta
758 2537 921 2611 vindicta
951 2538 995 2610 de
1020 2535 1179 2608 inimicis
1204 2558 1382 2608 reversus

293 2647 351 2710 est
381 2637 579 2711 universus
611 2637 796 2712 exercitos
832 2638 1000 2735 gaudens
1032 2638 1114 2710 sine
1142 2636 1285 2710 lesione
1316 2636 1383 2708 ali·

293 2737 419 2832 coius7
451 2740 704 2836 unusquisque
735 2737 773 2810 in
805 2737 959 2811 domum
990 2762 1116 2834 suam⁷
1149 2748 1187 2811 et
1217 2736 1383 2810 cessavit

294 2839 536 2936 opprobrium
559 2840 818 2914 Ruthenorom
836 2841 1015 2913 adversos
1032 2839 1294 2935 Lyvooensem
1323 2863 1382 2910 ec·
1440 2875 1445 2882 ·

292 2939 458 3012 clesiam.
507 2940 603 3013 Letti
631 2966 779 3037 quoque
805 2951 842 3014 et
868 2939 1168 3013 Saclralanenses
1195 2950 1232 3013 et
1257 2939 1382 3036 Ugau'·

292 3063 429 3112 nenses
456 3040 630 3114 continue
657 3041 834 3113 Rosciam
865 3041 1047 3114 intrantes
1073 3041 1213 3112 rnultos
1240 3039 1380 3113 ibidem

292 3140 571 3235 interfecerunt,
603 3151 640 3213 et
664 3141 803 3212 multos
829 3140 1034 3237 promiscui
1066 3165 1178 3214 sexos
1209 3140 1382 3239 captivos

293 3241 488 3337 duxerunt,
509 3249 545 3314 et
559 3239 678 3338 spolia
693 3241 813 3314 molta
826 3242 1002 3315 tulerunt.
1039 3241 1219 3315 Similiter
1232 3252 1270 3315 et
1282 3240 1379 3314 Letti

293 3340 338 3414 de
352 3339 543 3415 Kolrenois
556 3366 603 3417 ,ac
614 3342 861 3416 Theuthonici
875 3343 1050 3416 Rosciam
1064 3341 1258 3438 intranteS,
1277 3341 1379 3414 omni

291 3450 460 3541 ternpore
478 3443 632 3541 predam
651 3443 808 3516 multam
828 3454 865 3517 et
880 3443 1047 3541 captivos
1066 3444 1206 3516 multos
1225 3444 1379 3516 reduxe-

278 3553 388 3632 runt.

370 3643 486 3719 Erant
504 3645 636 3719 eodem
654 3656 825 3742 tempore
843 3646 978 3718 fratres
997 3643 1129 3718 militie
1156 3669 1242 3717 cum
1261 3643 1382 3718 servis

293 3747 370 3820 suis
388 3745 425 3818 in
446 3745 618 3818 omnibus
637 3745 769 3818 castris
787 3753 864 3817 tarn
882 3744 1053 3844 Ugaunie
1072 3770 1183 3842 qoam
1206 3744 1380 3841 Saclale,
1478 3744 1484 3754 ’

291 3857 538 3947 procurantes
563 3846 778 3920 advocatias
803 3857 840 3920 et
871 3857 1144 3946 congregantes
1173 3846 1312 3919 tributa
1344 3854 1381 3919 et

293 3949 469 4047 episcopo
501 3972 607 4020 soarn
633 3958 780 4044 partem
812 3957 1090 4044 conservantes
1122 3957 1159 4022 et
1186 3947 1382 4020 edificave-

292 4060 380 4122 ront
409 4058 534 4120 castra
569 4048 694 4121 omnia
732 4059 769 4122 et
799 4047 1014 4122 firmissime
1047 4048 1303 4143 muniverunt‚
1343 4057 1381 4120 et

210 4167 213 4172 ’
293 4150 474 4224 cisternas
484 4149 579 4222 infra
593 4149 777 4224 fodientes
791 4148 906 4221 armis
921 4160 958 4224 et
970 4149 1115 4223 balistis
1129 4150 1383 4247 repleverunt,
