3104 5012
332 457 381 534 86
479 455 692 530 HEINRlCl
719 453 996 529 CHRONlCON
1022 452 1274 528 LYVONlllE.

334 657 624 731 christianorum
656 657 700 729 ad
733 655 855 754 spolia
882 643 1054 751 currunt‚
1092 679 1209 754 equos
1236 655 1430 753 diripiunt,

334 781 494 854 quorum
509 766 615 831 erant
628 756 678 829 ibi
693 758 811 829 multa
830 757 945 853 milia,
964 757 1106 831 bellum
1121 758 1166 829 ad
1186 779 1357 854 paganos
1373 780 1431 829 re·
1494 818 1499 824 .

334 857 462 930 siduos
481 857 688 956 negligunt.
725 855 798 930 Sed
814 857 952 931 milites
972 867 1010 931 et
1023 857 1205 930 balistarii
1219 857 1431 955 inpugnan-

333 968 392 1033 tes
411 981 478 1032 eos
496 957 534 1029 in
552 967 680 1031 monte
694 958 881 1054 sedentes,
900 959 1038 1030 multos
1053 982 1099 1031 ex
1117 957 1172 1031 eis
1186 955 1429 1030 interficiunt.

331 1057 438 1133 Unde
464 1057 535 1156 ipsi
561 1066 731 1156 petentes
750 1082 896 1157 pacem,
924 1056 1100 1156 baptismi
1128 1066 1368 1130 sacramenta
1387 1079 1429 1130 se

331 1168 553 1258 recepturos
572 1157 805 1258 promittunt.
854 1157 1024 1245 Quorum
1042 1157 1166 1231 verbis
1191 1157 1331 1230 milites
1350 1181 1431 1231 cre·

332 1260 464 1333 dentes
496 1261 652 1333 verbum
684 1257 873 1356 episcopis
905 1257 1140 1356 significant,
1175 1268 1216 1331 ut
1248 1259 1294 1330 ad
1322 1258 1428 1356 ipsos

332 1359 567 1456 recipiendos
595 1357 757 1432 veniant.
811 1357 885 1456 lpsi
916 1383 1005 1432 vero
1033 1368 1145 1432 nocte
1173 1357 1211 1431 in
1237 1357 1428 1457 pyraticas

332 1483 421 1531 suas
441 1458 664 1556 confugiunt
681 1468 718 1532 et
737 1459 782 1531 ad
802 1482 906 1532 mare
925 1459 1154 1533 descendere
1173 1457 1341 1556 cupiunt,
1360 1459 1429 1534 sed
1476 1458 1481 1474 “

331 1558 514 1632 balistarii
544 1582 589 1632 ex
617 1556 720 1631 omni
745 1569 854 1656 parte
880 1559 1005 1633 Coiwe
1037 1561 1263 1633 descensum
1294 1583 1428 1632 eorum

315 1657 551 1757 impediunt.
588 1657 661 1731 Alii
680 1658 880 1757 peregrini,
908 1684 994 1732 cum
1012 1660 1203 1737 Bernardo
1231 1658 1429 1758 deLippia

332 1759 377 1832 de
405 1758 498 1858 Riga
526 1758 719 1832 venientes
745 1760 789 1830 ad
818 1758 994 1854 Coiwam,
1023 1770 1177 1858 pontem
1205 1756 1427 1832 influmine
1533 1755 1535 1784 “

330 1859 485 1957 faciunt,
513 1869 720 1932 structuras
745 1859 937 1958 lignorum
962 1861 1124 1957 desuper
1150 1859 1338 1956 edificant,
1365 1883 1428 1932 ve·
1532 1859 1535 1958 i

331 1959 476 2033 aientes
504 1959 692 2057 pyraticus
720 1959 867 2057 sagittis
895 1969 932 2033 et
955 1960 1099 2034 lanceis
1127 1959 1329 2057 excipiunt,
1365 1959 1427 2031 via

330 2059 498 2158 fugiendi
526 2060 683 2158 paganis
712 2059 875 2156 undique
893 2059 1133 2156 precluditur.
1178 2059 1283 2134 Unde
1309 2059 1428 2132 tacito
1533 2087 1535 2154 j

331 2159 452 2233 noctis
467 2159 660 2256 sequentis
679 2159 847 2256 silencio⁷
864 2159 1006 2233 relictis
1025 2160 1198 2234 omnibus
1218 2159 1309 2256 soie,
1328 2159 1427 2231 clam
1533 2173 1535 2210 ἐ

332 2261 377 2334 de‘
404 2259 582 2358 pyraticis
602 2259 679 2332 suis
700 2269 880 2333 exeuntes
900 2260 1126 2358 effugerunt,
1154 2270 1192 2335 et
1215 2259 1368 2357 quidam
1388 2260 1428 2331 in
1533 2287 1535 2320 2

332 2360 448 2457 silvis⁷
481 2359 632 2458 quidam
651 2383 761 2433 secus
779 2359 881 2433 viam
899 2360 1000 2434 fame
1017 2361 1222 2460 perierunt,
1255 2370 1292 2433 et
1314 2361 1428 2458 pauci
1534 2369 1535 2372 ’

334 2487 379 2536 ex
401 2461 455 2533 eis
478 2462 516 2532 in
537 2470 679 2534 terram
697 2484 819 2559 suam,
839 2470 879 2532 ut
897 2463 1052 2533 verbum
1072 2462 1178 2533 domi·
1191 2460 1426 2557 nunciarent,
1530 2473 1535 2556 l

333 2571 544 2636 evaserunt.
580 2561 696 2634 Erant
713 2569 840 2634 autem
860 2584 1045 2658 equorum
1062 2559 1200 2635 ibidem
1226 2561 1428 2658 acquisito·
1534 2601 1535 2610 κ

332 2687 418 2736 rum
436 2663 515 2735 lere
534 2662 605 2733 duo
626 2661 741 2755 milia,
761 2660 876 2733 simul
894 2671 932 2734 et
949 2661 1115 2734 virorum
1140 2663 1427 2735 interfectorum
1533 2651 1535 2704 f

334 2762 409 2836 alia
428 2763 501 2834 duo
521 2761 635 2833 milia.
677 2760 870 2859 Peregrini
889 2771 927 2834 et
946 2787 1089 2858 omnes7
1115 2763 1178 2860 qui
1196 2762 1295 2836 bello
1314 2761 1429 2834 inter-

332 2863 496 2959 fuerunt,
528 2861 662 2959 Rigam
688 2862 889 2935 redeuntes
917 2872 954 2935 et
978 2861 1167 2959 pyraticas
1189 2886 1428 2960 paganorum

334 2987 465 3037 secum
483 2962 663 3035 ducentes
676 2963 756 3034 fere
770 2971 959 3036 trecentas
978 2974 1104 3060 preter
1118 2963 1283 3036 minores
1297 2987 1428 3058 navae,

335 3088 451 3161 equos
478 3071 514 3135 et
538 3061 659 3160 spolia
678 3061 805 3134 omnia
825 3063 1009 3160 equaliter
1033 3063 1131 3138 inter
1149 3088 1190 3137 se
1210 3063 1429 3158 diviserunt,

333 3163 505 3239 ecclesiis
524 3171 650 3260 partes
670 3161 864 3259 donantes
893 3174 930 3238 et
957 3189 1042 3236 cum
1062 3165 1250 3262 episcopis
1269 3173 1307 3237 et
1326 3165 1430 3238 omni

332 3265 475 3363 populo
502 3261 624 3336 Deum
655 3261 926 3361 collaudantes7
959 3265 1020 3362 qui
1048 3265 1086 3337 in
1111 3266 1273 3340 adventu
1305 3265 1427 3363 primo

332 3365 581 3465 plurimorum
601 3362 866 3461 episcoporum
883 3373 962 3437 tam
981 3366 1191 3463 gloriosum
1210 3367 1255 3438 de
1270 3364 1430 3463 paganis

333 3464 567 3565 triumphum
586 3463 784 3537 concessit.
820 3464 922 3538 Tunc
941 3467 1041 3540 enim
1061 3466 1220 3540 ecclesia
1233 3465 1431 3561 Lyvonen·

335 3565 388 3639 sis
407 3564 529 3639 Deum
547 3588 636 3638 vere
655 3588 823 3662 pugnare
842 3591 909 3663 pro
929 3591 970 3640 se
988 3565 1183 3662 intellexit,
1209 3591 1253 3640 eo
1273 3566 1372 3662 quod
1390 3564 1431 3636 in

337 3667 471 3741 eodem
496 3663 594 3737 bello
621 3675 733 3764 caput
756 3665 910 3740 Estonie
938 3668 1083 3762 cecidit,
1110 3668 1146 3740 id
1171 3678 1230 3741 est
1258 3665 1430 3739 seniores

335 3764 452 3838 Osilie
478 3774 516 3838 et
539 3765 705 3839 seniores
725 3766 871 3840 Rotalie
899 3778 936 3841 et
960 3768 1120 3842 aliarum
1139 3767 1430 3865 provinciarum,

337 3866 399 3963 qui
422 3864 559 3938 ibidem
587 3889 718 3940 omnes
745 3866 932 3941 interfecti
957 3879 1052 3941 sunt.
1101 3869 1147 3942 Et
1164 3869 1216 3945 ita
1235 3868 1431 3965 quiescere

334 3966 425 4040 fecit
451 3964 636 4038 Dominus
664 3968 879 4065 superbiam
915 3993 1064 4068 eorum,
1101 3981 1137 4042 et
1165 3968 1432 4067 arroganciam

336 4067 496 4140 forciam
515 4067 736 4139 humiliavit.
859 4140 861 4142 ,
934 4135 935 4138 ,

276 4175 325 4260 (4.)
411 4168 620 4266 Episcopus
649 4159 763 4266 igitur
789 4148 1020 4264 Lyronensis
1048 4181 1204 4268 accepta
1232 4195 1254 4242 a
1280 4193 1430 4242 summo
