3016 5016
312 399 336 468 4
478 391 684 467 HEINRICI
711 382 984 466 CHRONICON
1010 391 1258 465 LYVONIAE.

315 591 512 668 morientis
540 592 703 666 animam
729 591 937 705 neophitus
954 591 1104 688 qnidam
1131 592 1176 663 ad
1195 601 1302 689 septe
1281 613 1343 664 em
1365 589 1435 661 di·

318 706 423 769 stans
442 692 615 806 miliaria,
642 696 686 766 ab
716 692 898 791 angelis
889 718 926 764 m
953 693 1077 766 celum
1103 693 1240 765 deferri
1258 690 1352 764 vidit
1381 699 1423 764 et

323 823 343 868 a
373 793 488 867 novit

236 908 310 996 (ιι.)
345 822 371 894 g
393 894 480 967 Vrsa
506 903 632 966 autem
658 893 854 989 Lyronum
880 892 1086 1006 pertinacia
1113 878 1151 966 et
1177 892 1307 964 labore
1336 914 1424 964 cas-

321 1005 380 1068 sat
383 994 620 1093 07episcopus
640 993 841 1091 predictus,
869 993 1039 1069 collectis
1066 993 1211 1066 clericis
1238 1017 1325 1065 cnm
1344 991 1422 1063 fra·

265 1096 269 1107 '
320 1096 453 1192 tribus,
481 1104 737 1167 mercatorum
760 1118 875 1168 naves
904 1094 979 1167 iam
1005 1093 1042 1165 in
1065 1093 1206 1192 pascha
1235 1091 1423 1165 Gothlan-

322 1196 422 1268 diam
447 1195 564 1267 ituras
591 1196 789 1269 recedendi
815 1194 1008 1294 proposito
1027 1193 1263 1307 aggreditur.
1311 1193 1419 1265 Unde

321 1295 516 1392 Lyvonum
536 1295 680 1367 astucia
700 1295 991 1368 christianorum
1008 1293 1116 1368 timet
1142 1305 1180 1367 et
1204 1291 1421 1392 suspicatur

323 1419 498 1494 superse
516 1405 714 1468 venturum
734 1396 953 1491 exercitum,
972 1394 1070 1468 unde
1090 1394 1185 1466 dolis
1199 1404 1237 1467 et
1251 1391 1421 1466 lacrimis

325 1507 362 1570 et
376 1496 459 1569 aliis
481 1494 610 1568 multis
629 1495 750 1568 modis
770 1497 964 1608 prefatum
971 1495 1059 1568 ficte
1073 1518 1252 1568 revocare
1267 1496 1421 1567 student

325 1597 559 1694 episcopum,
586 1595 752 1670 dicentes
779 1639 822 1650 -
854 1607 893 1668 ut
911 1594 965 1668 illi
985 1596 1174 1692 quondam
1192 1597 1302 1668 beato
1321 1595 1420 1666 Mar·

324 1697 416 1793 tino,
444 1697 533 1771 licet
550 1696 757 1770 intentione
777 1722 852 1768 non
874 1695 986 1768 simili
1003 1721 1062 1769 -.:
1098 1697 1171 1768 Cur
1196 1720 1274 1790 ιιοι,
1296 1700 1422 1790 puter,

277 1810 280 1814 '
326 1795 484 1870 deseris?
523 1797 593 1869 Aut
611 1800 670 1869 cui
686 1822 755 1871 uos
773 1795 960 1870 desolatos
978 1796 1173 1892 relinquis?
1212 1795 1306 1868 Num
1325 1819 1419 1868 rece-

326 1895 446 1970 dendo
470 1904 601 1991 postor
619 1921 702 1971 oues
719 1919 809 1971 ιιιιιι
831 1897 1035 1992 periculose
1048 1895 1225 1987 faucibus
1248 1895 1420 1990 luporum

326 1996 530 2093 exponatu
561 1997 606 2069 Et
624 1997 696 2096 ipsi
709 1999 881 2094 Lyvones
904 1999 1015 2096 plene
1034 2020 1075 2070 se
1097 1997 1208 2070 fidem
1225 2006 1423 2094 susceptu·

326 2123 388 2172 ros
415 2099 693 2197 repromittunt.
746 2098 872 2173 Credit
898 2099 1078 2172 innocens
1103 2097 1205 2170 omni
1231 2100 1345 2170 verbo
1369 2107 1423 2192 et,

327 2209 579 2272 mercatorum
603 2198 761 2272 consilio
781 2199 967 2296 simulque
988 2197 1103 2270 futuri
1126 2197 1313 2272 exercitus
1327 2197 1423 2270 fidu·

328 2299 385 2372 cia
399 2309 566 2396 accepta,
585 2323 670 2372 cum
688 2298 900 2395 Lyvcnibus
919 2298 1128 2373 revertitur.
1164 2298 1421 2372 Promiserant

328 2399 429 2473 enim
454 2399 568 2497 aliqui
596 2401 641 2474 de
659 2399 928 2475 Theuthonicis
954 2411 991 2474 et
1009 2399 1159 2496 quidam
1184 2399 1230 2472 de
1248 2399 1364 2472 Danis
1383 2408 1421 2472 et

299 2535 302 2542 ·
328 2501 373 2575 de
391 2499 617 2574 Normannis
644 2512 682 2574 et
708 2502 753 2576 de
779 2499 939 2599 singulis
966 2499 1114 2599 populis
1141 2499 1347 2574 exercitum
1366 2523 1423 2595 se⁷

328 2601 360 2674 si
388 2625 484 2699 opus
509 2601 620 2695 foret,
647 2601 885 2674 adducturos.
936 2601 1024 2673 Post
1041 2601 1249 2674 discessum
1278 2623 1421 2674 merca·

326 2705 450 2774 torum
468 2703 689 2775 redeuntem
708 2701 925 2799 episcopum
945 2701 1170 2774 Holmenses
1195 2701 1424 2775 salutatione

330 2811 367 2874 et
399 2800 524 2873 animo
557 2800 647 2874 lude
673 2802 856 2897 salutant,
890 2801 1075 2874 dicentes:
1116 2799 1188 2873 Ave
1196 2801 1356 2895 ,ιιιιιιιί,
1384 2811 1425 2874 et

330 2925 403 3074 quto
432 2903 558 3014 precio
584 2902 639 2973 sal
659 2912 724 2974 aut
741 2900 962 2975 walmal²⁵
953 2926 989 2973 m
1016 2857 1242 2974 Gothlandia
1270 2926 1423 2999 compa·

330 3009 435 3075 retur
465 2997 665 3115 inquirunt
641 3002 806 3074 tNon
839 3000 966 3075 differt
998 3001 1173 3075 lacrimas
1211 3002 1423 3075 amaritudo

223 3187 225 3190 ¹
331 3101 467 3215 cqrdis,
493 3101 628 3174 transit
653 3101 941 3176 Ykescolamt
903 3112 941 3176 et
967 3101 1004 3175 in
1031 3103 1185 3174 domum
1204 3126 1312 3176 suam
1331 3101 1425 3176 rcci-

332 3201 441 3300 pitur.
486 3200 625 3274 Statuit
651 3197 819 3299 diem,u
795 3203 1015 3302 utcolligat
1039 3203 1222 3316 populum
1249 3202 1425 3302 promissi

333 3302 571 3375 monendum.
633 3302 742 3377 Diem
773 3327 848 3375 non
880 3313 1051 3401 servant,
1087 3303 1316 3402 promissum
1348 3327 1423 3376 non

320 3402 500 3517 implent.
549 3403 653 3476 Unde
680 3425 765 3476 cum
791 3403 869 3476 suis
897 3359 1051 3503 captatd
1072 3404 1265 3478 consilio
1255 3431 1293 3477 m
1318 3404 1428 3477 Esto·

332 3502 437 3576 niam
454 3502 508 3577 ire
527 3503 715 3616 proponti,
735 3504 910 3601 quatinus
928 3528 1015 3577 cum
1035 3503 1190 3602 illisqui
1182 3504 1258 3578 ibi
1273 3506 1427 3600 hyema-

333 3613 463 3677 verant
487 3603 759 3678 mercatoribus
783 3615 918 3702 pergat
946 3604 1222 3678 Gothlandiam.
1269 3604 1424 3680 Interim

332 3703 541 3801 Lyvones
532 3730 569 3776 m
599 3705 658 3778 via
690 3704 770 3779 eius
802 3715 1006 3804 procurant
1032 3705 1244 3802 interitum,
1285 3706 1361 3780 sed
1377 3707 1422 3786 ab

333 3839 378 3912 44)
398 3837 440 3894 Cl.
453 3838 566 3911 Sulpicii
585 3837 677 3895 Severi
698 3858 740 3913 ep.
762 3837 810 3894 tlt.
830 3841 863 3894 ad
883 3839 1023 3895 Bassulam
1042 3858 1150 3896 socrum
1170 3858 1246 3912 suam
1266 3842 1322 3930 (ed.
1342 3839 1425 3894 Halm
1472 3875 1473 3878 =

332 3931 358 3984 p.
375 3911 444 3981 148),
463 3915 509 3966 ubi
529 3913 656 3982 leguntur
675 3913 756 3967 haec·
787 3912 841 3968 Ceu
859 3929 916 3983 ιιι
934 3920 1021 3984 paler,
1041 3916 1355 3970 duodenenarium
1374 3915 1423 3968 de-

332 3987 432 4040 solatos
452 3987 598 4057 relinquis?
621 3986 750 4042 lacudunt
771 4002 877 4055 prepem
896 3993 967 4040 tuum
992 3989 1047 4056 lupi
1064 4002 1184 4056 rapaces,
1211 3993 1238 4042 et
1261 3991 1318 4058 quis
1343 4002 1423 4042 eoru

333 4058 463 4112 marathus
480 4063 578 4114 ιιοιιιιι
595 4073 722 4128 percusso
739 4065 846 4128 pastore
862 4057 1026 4126 perhibebit?
1142 4059 1224 4132 ⁴5l1²
1225 4077 1312 4114 annue
1330 4059 1427 4113 laneus
1482 4089 1483 4092 =

257 4141 258 4146 ’
334 4132 478 4186 admodum
499 4133 612 4196 cru·;dus
633 4131 749 4186 livonice
768 4132 880 4200 ιιιιιιιιιι,
900 4131 990 4186 lettice
1009 4134 1144 4187 wudmals.
1481 4131 1484 4208 l

1480 4217 1483 4248 l

1475 4260 1484 4358 ι

1291 4475 1484 4754 ι,

1482 4767 1484 4824 l
