3084 5018
287 405 509 527 nnmnrcr‘
528 453 808 528 cnnourcou
834 454 1085 531 urvounn.
1165 461 1234 534 157

5 665 8 730 t
129 663 273 751 castro,
300 663 486 728 terrorem
506 679 689 756 magnum
707 655 935 755 concipiunt.
979 657 1035 729 Pit
1060 658 1141 757 ipse
1160 659 1234 731 dux

5 821 7 854 Ξ
130 760 260 828 rector
284 754 472 852 machine,
498 757 657 853 proiecit
680 756 844 855 lapidem
867 757 1045 855 primum,
1073 770 1111 831 et
1129 759 1235 834 erke-

129 879 219 928 rum
236 855 408 953 ipsorum
428 866 466 930 et
483 855 584 930 viros
602 858 641 929 in
660 882 705 931 eo
725 857 956 930 comminuit.
999 857 1159 932 Proiecit
1176 883 1234 934 se·

5 959 9 1032 l
129 955 312 1053 cundum,
334 966 372 1030 et
390 957 545 1054 plancas
564 981 650 1030 cum
667 957 780 1057 lignis
798 957 1017 1031 munitionis
1036 957 1074 1031 in
1091 969 1232 1033 terram

5 1095 7 1148 2
127 1055 281 1149 deiecit.
335 1055 497 1132 Proiecit
522 1056 688 1154 tertium,
724 1067 762 1132 et
787 1060 941 1132 arbores
968 1069 1045 1132 tres
1072 1053 1232 1158 magnas

5 1197 8 1252 ς
130 1155 352 1230 m'unitionis
379 1159 606 1255 perforando
641 1157 867 1256 constringit
898 1159 1145 1256 hominesque
1180 1161 1232 1234 le-

5 1263 7 1338 3
126 1257 254 1330 dendo
275 1257 451 1331 concutit.
497 1259 580 1350 Quo
601 1258 694 1354 viso,
721 1270 934 1346 castrenses
958 1261 1004 1333 de
1023 1259 1231 1336 munitione

5 1383 7 1454 ζ
129 1357 292 1454 fugiunt,
325 1358 409 1431 loca
436 1359 577 1431 tutiora
604 1359 706 1433 adire
733 1371 910 1457 querunt,
943 1361 1009 1433 scd
1040 1360 1231 1458 refugium

5 1483 8 1542 i
128 1481 209 1529 non
228 1458 409 1532 habentes
427 1459 577 1532 veniam
603 1469 748 1558 petunt,
780 1471 821 1532 ut
848 1462 893 1533 ad
920 1461 1142 1558 episcopum
1165 1461 1232 1550 de·

5 1561 7 1640 ζ
125 1558 315 1643 scandant
345 1559 569 1657 supplicant.
624 1560 743 1632 Datur
776 1585 869 1658 pan,
910 1561 1128 1635 conceditur
1156 1561 1231 1658 via,

125 1659 365 1732 descendunt
388 1661 498 1733 Made
523 1659 802 1756 etGaylecnm
827 1663 973 1735 ceteris.
1027 1661 1171 1748 Quibus
1190 1673 1230 1734 ut

126 1768 298 1832 castrum
322 1761 473 1833 tradant
497 1760 645 1857 dicitur,
673 1772 710 1834 et
728 1761 867 1857 omnia,
895 1761 1030 1858 quein
1058 1787 1103 1835 eo
1130 1772 1229 1860 sunt,

5 1851 7 1926 Ῐ
128 1869 173 1932 ut
196 1859 269 1957 ipsi
293 1859 411 1933 vitam
436 1861 610 1934 habeant.
648 1861 830 1959 Displicet
855 1861 925 1936 hec
945 1863 1079 1958 forma,
1106 1887 1230 1936 rever·

5 1993 9 2052 q
127 1969 260 2034 tuntur
277 1959 513 2058 in‘castrum⁷
539 1961 588 2034 fit·
607 1986 736 2060 pugna
755 1961 873 2035 maior
896 1961 1032 2060 priore.
1084 1961 1228 2037 Cuncta

5 2099 12 2134 r
128 2060 317 2132 bellorum
342 2060 567 2135 innovantur
594 2062 911 2159 machinamenta,
945 2062 1084 2136 milites
1113 2063 1228 2137 armis

5 2199 7 2208 r
126 2154 173 2234 sc
191 2171 336 2260 tegunt,
356 2186 429 2234 una
449 2187 535 2235 cum
554 2163 648 2237 duce
666 2163 806 2236 vallum
827 2164 1096 2260 conscendunt,
1114 2164 1230 2238 castri

43 2263 49 2272 “
126 2261 389 2335 summitatem
408 2287 544 2360 capere
562 2263 728 2363 cupiunt,
756 2264 821 2337 sed
849 2264 1083 2362 repelluntur
1106 2264 1229 2337 adhuc

5 2363 9 2450 ζ
130 2361 367 2436 asemivivis
392 2361 484 2459 illis,
519 2364 581 2461 qui
613 2366 650 2436 in
678 2374 801 2437 castro
826 2365 988 2438 fuerunt.
1039 2365 1127 2436 Post
1156 2365 1230 2438 hec

5 2453 8 2528 ἓ
125 2461 320 2561 lignorum
341 2464 547 2536 multorum
566 2474 690 2539 strues
709 2465 815 2561 fiunt,
841 2465 949 2562 ignes
975 2475 1227 2562 apponuntur,

126 2573 169 2636 et
193 2561 413 2662 affliguntur
430 2564 563 2663 perfidi
582 2565 703 2637 modis
724 2565 920 2660 omnibus„
937 2565 1057 2638 donec
1074 2565 1233 2638 tandem

5 2663 12 2750 ῗ·
126 2663 349 2738 deficientes
369 2665 541 2762 sequenti
555 2691 666 2740 mane
682 2691 723 2739 se
737 2665 900 2759 tradunt,
921 2675 960 2738 et
977 2690 998 2737 a
1018 2665 1227 2740 munitione

5 2791 7 2794 ·
124 2763 324 2862 sigillatim
352 2765 532 2839 exercitui
557 2776 685 2839 nostro
713 2766 983 2840 descendentes
1003 2790 1044 2840 se
1063 2766 1226 2862 tradunt,
1258 2791 1266 2800 ·

128 2873 167 2940 et
191 2865 288 2937 colla
318 2867 516 2939 subiciunt.
562 2866 676 2962 Circa
690 2866 898 2961 meridiem,
926 2877 1128 2964 postquam
1151 2867 1227 2940 iam

5 3009 8 3064 ἐ
127 2990 328 3038 numerum
359 2967 518 3064 implent
552 2967 632 3042 fere
668 2968 915 3041 ducentorum
952 2969 1226 3065 descendendo,

5 3067 8 3106 r
128 3091 219 3139 ecce
237 3066 361 3140 subito
380 3068 610 3141 Vesthardus
630 3076 716 3142 cum
742 3068 818 3141 suis
845 3067 1061 3167 Semigallis
1089 3079 1126 3143 et
1143 3069 1229 3142 Let-

12 3239 19 3246 ,
127 3167 319 3262 thonibus⁷
346 3170 454 3240 turba
470 3167 625 3266 magna,
654 3169 888 3267 prospiciens
915 3170 961 3242 de
985 3169 1090 3242 silvis
1113 3170 1227 3268 venit,

5 3339 7 3348 ,
127 3269 270 3340 bellum
299 3269 403 3340 nobis
423 3269 562 3342 inferre
582 3267 786 3367 cupientes.
833 3268 880 3341 Et
898 3269 1024 3342 statim
1045 3269 1228 3342 ordinavi·

5 3349 8 3404 *
127 3391 214 3440 mus
250 3370 350 3442 acies
381 3379 528 3442 nostras
563 3380 693 3444 contra
728 3370 850 3467 ipsosa
888 3381 924 3441 et
951 3369 1096 3466 pedites
1127 3370 1226 3442 circa

126 3479 297 3542 castrum
329 3468 548 3542 locavimus,
601 3469 649 3542 Et
678 3470 833 3543 veniunt
863 3469 966 3540 stulti
998 3469 1149 3566 quidam
1181 3495 1227 3542 ex
1295 3519 1297 3525 ,

127 3569 250 3665 nobis,
282 3593 442 3665 qnorum
471 3569 637 3643 infinitus
664 3580 722 3644 est
746 3593 940 3666 numeruS,
973 3581 1010 3643 et
1036 3571 1227 3668 rapientes

127 3670 299 3752 seniores
326 3672 491 3768 eosdem7
521 3671 582 3768 qui
610 3671 655 3745 de
675 3682 798 3744 castro
819 3670 1102 3769 descenderant,
1130 3672 1229 3745 occi·

5 3763 8 3824 l
127 3772 222 3843 dunt
240 3795 285 3842 ex
304 3770 360 3858 eis
377 3781 527 3845 centum
548 3782 585 3846 et
602 3773 742 3870 plures7
770 3771 1028 3870 ignorantibus
1055 3771 1226 3871 dominis,

127 3873 191 3970 qui
212 3873 258 3959 ad
277 3873 522 3969 pugnandum
541 3883 671 3948 contra
685 3896 857 3972 paganos
875 3875 911 3945 in
932 3897 1109 3971 campum
1130 3873 1227 3947 abie-

5 4007 7 4032 =
129 3983 223 4046 rant.
270 3972 477 4047 Viewaldus
506 3984 633 4048 autem
660 3973 788 4048 senior
814 3975 860 4047 de
884 3975 1042 4046 Ascratc
1068 3973 1227 4046 vicinius

5 4131 7 4180 q
129 4075 175 4145 ad
204 4073 335 4146 hostes
364 4073 520 4170 accedit,
547 4085 588 4147 ut
614 4101 701 4149 cum
729 4074 998 4150 Theuthonicis
1023 4074 1229 4174 pugnaturi

127 4175 280 4248 veniant
298 4174 336 4247 in
352 4199 527 4272 campum
548 4201 612 4250 eos
626 4187 745 4252 vocat.
783 4177 832 4248 At
846 4175 899 4247 illi
915 4175 1106 4350 millium:
1134 4174 1244 4247 Mer·-
