3104 5012
276 496 489 571 HElNlllCl
516 497 794 572 CHRONICON
820 498 1071 574 LYl'ONlAE.
1171 505 1220 578 69

115 708 224 794 runt
242 723 331 772 nam
349 699 597 798 Ugaunenses
615 692 748 797 postea
766 702 982 775 sacerdotes
1001 700 1221 814 Rigensium

34 849 40 854 -
116 810 374 898 susceperunt
398 809 436 874 et
462 799 641 898 baptizati
660 802 811 872 suntab
831 800 885 874 eis
904 811 942 874 et
960 802 1222 876 connumerati

23 987 24 992 Ἰ
116 909 317 973 suntcum
336 899 573 998 lligensibus

188 999 295 1074 Post
309 1023 429 1074 annos
448 1000 592 1098 aliquot
607 1009 792 1074 venerunt
816 999 991 1074 Frisones
1011 1025 1096 1074 cum
1115 1026 1221 1115 pere·
1231 1016 1282 1102 (3.)

117 1099 243 1199 grinis
268 1101 307 1172 in
329 1124 445 1197 supra
468 1100 605 1173 dictam
630 1099 857 1173 Gothlandie
874 1100 1036 1173 insulam
1062 1113 1100 1175 et
1120 1102 1222 1176 inve·

117 1210 262 1276 nerunt
286 1200 456 1275 Curones
479 1201 616 1275 ibidem
642 1224 728 1273 cum
752 1223 890 1298 magna
915 1201 1061 1299 rapina,
1090 1205 1128 1276 et
1153 1202 1221 1275 cir·

31 1303 35 1312 '
119 1301 409 1375 cumvenientes
439 1324 505 1375 eos
537 1301 660 1373 subito
688 1310 951 1398 pugnaverunt
980 1325 1066 1374 cum
1098 1302 1152 1375 eis
1185 1314 1222 1376 et

119 1401 345 1474 occiderunt
363 1403 443 1475 fere
469 1424 628 1496 omnes‚‚
646 1401 823 1476 tollentes
850 1411 1012 1497 quatuor
1030 1401 1219 1499 pyraticus

120 1503 334 1574 cumomni
354 1503 481 1599 preda,
501 1512 540 1575 et
557 1502 738 1574 ducentes
757 1525 888 1574 secum
906 1500 1054 1600 lligem,
1073 1513 1111 1576 et
1129 1525 1220 1578 ores

39 1603 42 1608 ’
119 1600 305 1696 infinitas7
333 1625 426 1714 quas
446 1602 491 1674 de
509 1601 620 1675 terris
639 1600 852 1674 christianis
872 1603 1139 1699 spoliaverant
1158 1605 1221 1676 ab·

120 1701 364 1776 studerunt
332 1725 386 1773 ers
406 1711 444 1773 et
456 1701 591 1800 Rigam
607 1701 848 1774 adduxerunt
885 1703 932 1774 Et
948 1703 1050 1776 facta
1063 1714 1122 1777 est
1139 1704 1222 1777 leti·

122 1803 185 1876 cia
202 1826 343 1900 magna
361 1803 407 1875 de
425 1801 587 1876 vindicta
606 1800 738 1874 facta
729 1826 766 1873 m
786 1801 1009 1876 Curonibus

200 1902 373 1976 Pontifex
384 1911 512 1975 autem
522 1903 567 1975 de
577 1901 769 1974 laboribus
784 1901 971 1994 continuis
986 1904 1083 1977 etde
1098 1912 1220 1978 morte
1231 1899 1282 1985 (4.)

15 2009 18 2038 ¹
123 2025 283 2075 suorum
307 2001 397 2076 licet
426 2002 631 2100 plurimum
664 2003 767 2076 esset
796 2002 1060 2101 contristatus,
1094 2015 1220 2078 tamen

122 2102 264 2174 iterum
294 2103 339 2174 ad
364 2103 569 2175 Dominum
593 2101 830 2200 confugiens,
862 2102 933 2176 iter
959 2114 997 2177 et
1019 2104 1220 2202 negocium

124 2227 240 2275 suum
267 2202 341 2301 ipsi
367 2203 618 2297 committens,
644 2203 682 2275 in
707 2202 983 2277 Theuthoniam
1009 2204 1221 2301 revertitur,

14 2303 16 2372 l
123 2302 234 2376 bonis
260 2327 304 2376 ac
329 2303 450 2377 Deum
468 2303 687 2377 timentibus
705 2304 869 2402 dampna
887 2305 1043 2377 suorum
1063 2329 1223 2402 conque·
1333 2332 1340 2345 ·

14 2459 16 2463 -
124 2404 233 2500 ritur‚
259 2427 329 2501 per
353 2402 457 2477 vicos
485 2413 523 2477 et
549 2405 709 2502 plateas,
743 2428 809 2501 per
835 2403 1006 2478 civitates
1033 2414 1071 2478 et
1097 2415 1221 2477 castra
1290 2493 1292 2498 ‚

13 2557 15 2594 r
124 2527 302 2616 querens,
321 2504 404 2601 quis
423 2528 464 2577 se
484 2528 634 2576 murum
653 2527 720 2601 pro
741 2503 853 2575 domo
873 2503 1022 2576 Domini
1042 2515 1222 2601 opponat,

13 2595 15 2682 f
126 2604 213 2702 quis
232 2605 354 2677 crucis
373 2604 523 2704 signum
543 2603 611 2677 sibi
631 2603 775 2701 affigat,
799 2613 841 2675 ut
858 2628 963 2677 mare
981 2614 1162 2702 transeat
1181 2615 1241 2677 nt

124 2704 165 2776 in
182 2703 390 2800 Lyvoniam
406 2705 520 2778 vadat
539 2705 583 2778 ad
603 2702 902 2778 consolationem
917 2727 1138 2802 paucorum,
1158 2705 1220 2817 qui

124 2804 176 2876 ibi
201 2815 471 2878 remanserant
508 2804 554 2876 Et
571 2803 745 2878 inventus
764 2815 823 2877 est
839 2804 914 2876 Yso
931 2805 1130 2878 Verdensis
1145 2805 1222 2903 epi·

13 2935 15 2942 ’
126 2929 264 3002 scopus
296 2929 381 2978 cum
414 2889 584 3004 Philippo
611 2903 890 3003 Raceburgensi
917 2904 1115 3004 episcopo,
1150 2930 1220 2979 nec

125 3029 202 3078 non
227 3015 263 3078 et
288 3005 599 3079 Padelbornensis
624 3005 876 3104 episcopus2²
912 3006 974 3102 qui
997 3030 1040 3080 se
1071 3006 1116 3078 ad
1150 3006 1222 3080 iter

13 3113 15 3194 ζ
124 3103 250 3178 idem
240 3129 278 3178 m
296 3115 518 3202 sequentem
538 3131 675 3179 annum
696 3130 782 3179 cum
796 3105 975 3179 militibus
990 3107 1120 3181 suiset
1135 3131 1221 3180 cum

126 3205 256 3279 multis
275 3206 358 3279 aliis
375 3217 682 3305 preparaverunt.

172 3306 292 3379 Post
308 3329 502 3381 recessum
517 3306 704 3420 pontificis
724 3315 861 3404 etpost
875 3304 1093 3380 conflictum
1108 3298 1281 3384 curo-bl

13 3423 15 3428 ’
126 3431 217 3479 num
237 3431 323 3480 cum
341 3407 566 3506 peregrinis,
580 3407 778 3483 audientes
793 3416 926 3505 gentes
945 3431 1077 3481 omnes
1095 3407 1133 3479 in
1152 3408 1221 3481 cir·

125 3507 228 3580 cuitu
259 3507 470 3604 aliquantos
501 3508 546 3580 de
577 3508 787 3606 peregrinis
818 3531 841 3579 a
871 3506 1081 3580 Curonibus
1104 3508 1249 3582 inter·

125 3607 259 3704 lectos,
278 3608 462 3682 miserunt
479 3606 516 3680 in
534 3606 694 3682 invicem
713 3606 883 3704 nuncios,
906 3605 1078 3703 Lyvones
1096 3607 1218 3705 primo

126 3708 172 3779 ad
192 3708 373 3804 Coronea
401 3707 570 3782 Curones
595 3709 639 3780 ad
658 3708 820 3782 Estones
838 3731 907 3782 nec
925 3731 1001 3779 non
1020 3709 1065 3780 ad
1083 3708 1220 3781 Letho-

126 3831 206 3904 nes‚
224 3806 455 3905 Semigallos
474 3819 512 3883 et
529 3808 735 3904 RuthenoS,
753 3818 955 3906 querentes
968 3831 1080 3882 omne
1099 3807 1220 3899 consi-

125 3907 232 4004 lium,
246 3909 407 4006 qualiter
416 3908 550 4008 Rigam
565 3910 733 3984 delerent
744 3908 1070 3984 etTheuthonicos
1086 3932 1218 3982 omnes

144 4009 211 4081 lolo
240 4019 410 4084 tenerent
441 4021 479 4083 et
510 4009 734 4084 occiderent.
794 4008 1059 4085 Existimantes
1092 4019 1219 4084 autem

43 4197 70 4324 p
139 4207 170 4280 a)
188 4205 372 4264 bernhardus.
387 4288 390 4293 ¹
