3016 5016
255 384 468 515 nnrnmcr
496 430 772 517 canonroon
800 443 1051 516 2222222222.
1153 449 1197 520 tn

51 643 52 648 ’
100 642 289 716 deducere
316 645 513 740 temptant.
568 643 700 716 Paucis
727 643 855 742 itaque
885 643 974 718 viris
1006 645 1128 717 adhuc
1159 643 1196 716 in

100 742 197 842 Riga
225 742 471 817 existentibus
504 751 545 816 et
568 742 711 858 ubique·
730 754 885 842 propter
910 743 1067 818 vicinas
1081 744 1197 816 silvas

100 842 257 916 insidias
276 842 541 956 metuentibus,
569 845 615 917 de
642 843 770 917 civitat
755 855 792 917 te
811 843 923 918 simul
942 869 1074 918 omnes
1094 843 1197 918 exire
1304 873 1307 879 “

101 968 177 1018 non
196 943 346 1039 audent
372 943 490 1016 sed
457 943 525 1017 vni
543 943 690 1018 virtutis
709 944 808 1018 circa
819 943 963 1050 viginti
983 947 1028 1019 de
1047 944 1197 1019 civitate

100 1045 230 1118 hostes
257 1043 416 1116 insecuti
434 1068 573 1217 pecora
592 1044 787 1143 requirunt
805 1054 854 1139 et
883 1045 1055 1119 invocato
1081 1069 1197 1143 super

99 1169 143 1218 se
162 1144 230 1218 Dei
249 1144 518 1242 omnipotentis
538 1144 689 1242 anxilio,
712 1144 892 1218 militibus
912 1145 1195 1220 advenientibus

99 1243 343 1342 decivitate
370 1243 474 1317 iuxta
502 1245 669 1318 Montem
695 1245 936 1343 Antiquum
925 1271 1010 1319 cum
1035 1245 1196 1345 paganis
1313 1277 1318 1289 ·

48 1353 49 1356 ’
97 1369 286 1444 pugnam
292 1300 423 1419 ineunt
440 1354 479 1418 et
501 1345 601 1420 bello
625 1345 880 1420 invalescente
905 1371 950 1422 eo
977 1371 1095 1448 usque
1113 1371 1196 1444 pre-

44 1496 49 1537 :
96 1446 250 1544 llantur,
268 1437 389 1522 donec
403 1446 494 1520 lessi
513 1445 737 1520 abinvicem
752 1457 986 1546 separantur.
1022 1441 1195 1542 Lyvones

39 1580 40 1583 ¹
96 1571 220 1621 eciam
239 1545 390 1643 quidam
410 1571 558 1645 navigio
578 1546 727 1620 Dunam
744 1549 1056 1644 descendunt
1014 1558 1056 1620 ut
1074 1573 1112 1619 222
1132 1550 1208 1620 ab·

48 1670 49 1674 ’
96 1647 227 1722 sancia
245 1647 376 1745 populi
395 1647 523 1721 civitat
525 1672 586 1722 em
601 1673 646 1722 ex
661 1648 713 1719 alt
698 1658 779 1720 tera
783 1658 905 1746 parte
923 1648 1193 1762 ingrediantur,
1329 1666 1332 1672 ·

95 1748 164 1824 sed
195 1747 356 1822 Domino
388 1772 478 1820 suos
506 1758 749 1847 protegente,
785 1749 936 1845 quidam
971 1749 1016 1822 de
1043 1748 1194 1822 civitate
1328 1807 1329 1812 ,

25 1868 47 1941 ¹·
95 1847 247 1922 obviam
266 1847 322 1923 eis
341 1873 427 1922 cum
442 1848 590 1946 sagittis
610 1848 864 1946 egrediuntur,
883 1859 921 1924 et
939 1849 989 1921 ita
1004 1849 1042 1921 222
1060 1850 1192 1948 fugam

14 2013 16 2040 ᾗ
93 1957 304 2024 vertuntur.
346 1948 600 2047 Hiisia'ges
585 1949 635 2021 is
652 1949 842 2022 Lethones
861 1974 946 2022 cum
964 1949 1192 2047 Lyvonibus,

13 2081 17 2144 j,
92 2050 215 2122 tribus
241 2059 387 2123 tantum
415 2049 521 2163 equis
546 2049 683 2122 civium
709 2049 894 2148 optentis,
920 2048 1127 2145 discedunt
1155 2059 1193 2124 et

12 2151 15 2180 ‘'
57 2199 61 2206 -
93 2150 345 2224 Thouthonici
371 2149 568 2224 unanimes
595 2175 661 2250 pro
690 2149 977 2226 conservatione
995 2105 1190 2223 hominum

93 2259 134 2326 et
157 2251 452 2364 recuperacione
479 2275 660 2350 pecorum
687 2251 809 2326 Deum
836 2245 1115 2349 collaudantes⁷
1143 2252 1189 2325 ad

92 2351 287 2430 civitatem
304 2351 370 2425 leti
388 2362 637 2426 revertuntur

9 2517 12 2548 p
169 2451 259 2525 Post
274 2451 346 2525 hec
370 2454 506 2548 hyeme
525 2452 688 2526 instante
707 2451 803 2524 222222
788 2463 846 2525 es
865 2450 1029 2548 quidam
1055 2450 1189 2523 Arnol-
1175 2457 1248 2542 -(·2.)

9 2559 14 2638 ξ’
91 2551 164 2624 dus
188 2551 363 2626 videlicet
384 2553 430 2628 de
455 2551 721 2666 Meyiendorpe
747 2561 785 2624 et
810 2551 1023 2626 Bernardus
1051 2551 1097 2624 do
1121 2550 1189 2624 Se·

89 2651 215 2726 husen
245 2662 285 2726 et
314 2652 430 2728 ceteri
461 2652 626 2750 quidam,
656 2651 739 2766 qui
751 2676 863 2727 cruce
892 2661 1085 2748 resumpta
1112 2650 1187 2724 iam

9 2809 11 2818 2
90 2754 260 2826 secundo
290 2752 340 2826 ibi
370 2763 651 2850 remanserant
686 2752 724 2824 in
753 2751 1029 2865 Theuthoniam
1066 2747 1189 2846 redire

90 2853 277 2948 volentes,
295 2854 504 2967 preparatis
524 2856 569 2927 ad
588 2809 660 2927 ini
677 2853 914 2968 necessariis,
933 2852 1059 2925 navim
1077 2876 1187 2925 suam

9 2959 11 3009 ἓ
90 2961 181 3027 ante
200 2953 432 3029 nativitatem
458 2958 568 3029 beate
592 2953 748 3053 virginis
775 2954 891 3028 marie
919 2961 1123 3051 exponunt
1150 2962 1296 3049 etsepts.

9 3079 11 3150 ss
90 3053 185 3153 ipsis
205 3054 352 3128 Dunam
371 3055 604 3152 exeuntibus,
623 3054 752 3128 Deo
721 3079 777 3128 src
795 3065 909 3154 agent
912 3079 943 3149 e,
964 3079 1049 3126 cum
1067 3052 1186 3126 tribus

92 3155 252 3228 navibus
269 3155 488 3254 peregrinos
508 3155 603 3229 alios
618 3165 705 3229 ante
725 3164 875 3254 portum
891 3156 1030 3229 habent
1043 3152 1185 3226 obvios

9 3323 10 3326 ,
90 3253 132 3328 In
150 3255 226 3330 hiis
244 3256 401 3330 navibus
414 3257 531 3330 frater
543 3255 796 3329 Theodericus
815 3265 853 3330 et
866 3255 1007 3353 Caupo,
1026 3280 1047 3327 a
1066 3253 1225 3352 Romani
1228 3268 1248 3352 .)

9 3421 11 3430 .
90 3357 305 3454 redeuntes
333 3356 543 3455 Rigenses
534 3382 570 3428 m
590 3353 748 3429 tristicia
773 3355 921 3470 positos
936 3354 1095 3429 adventu
1116 3378 1186 3428 suo

59 3523 66 3531 .
91 3456 285 3530 letificant.
321 3456 396 3530 Sed
416 3482 489 3555 quo
507 3455 631 3555 magis
645 3469 805 3554 augetur
821 3455 884 3529 let
859 3456 947 3529 ticia
965 3455 1093 3528 christ
1067 3467 1185 3528 trano-

9 3629 11 3632 .
91 3581 199 3652 rum
233 3578 279 3631 eo
312 3558 473 3672 amplius
506 3557 607 3630 dolet
637 3567 675 3629 et
711 3555 952 3630 confunditur
983 3556 1182 3628 multitudo

91 3611 340 3770 paganorum.
393 3657 530 3730 Milites
556 3656 739 3754 siquidem
757 3657 915 3754 predicti
934 3656 1031 3728 inter
1048 3654 1247 3754 fluctuslt.)

9 3785 10 3820 2
92 3757 208 3830 maris
240 3783 325 3832 cum
357 3758 470 3830 sociis
502 3755 580 3829 suis
612 3757 673 3828 diu
703 3757 929 3854 laborantes,
962 3757 1114 3829 tandem
1140 3756 1184 3827 ad

91 3867 220 3952 partes
238 3858 430 3932 Estlandie
447 3857 681 3958 perveniunt.
734 3857 903 3944 Quorum
930 3879 990 3930 res
1016 3866 1054 3929 et
1071 3855 1186 3930 vitam

94 3955 255 4032 lstones
281 3960 430 4034 auferre
456 3959 645 4050 volentes.
678 3983 763 4032 cnm
791 3959 920 4044 decem
948 3955 1124 4056 pyraticis
1150 3967 1203 4032 et

48 4057 291 4133 luodeoim
325 4059 409 4132 aliis
439 4058 641 4132 navibus
633 4084 669 4131 222
704 4083 770 4132 eos
807 4059 1043 4133 invehuntur.
1106 4057 1185 4130 Deo

108 4167 222 4234 tutem
233 4183 323 4235 suos
334 4169 594 4256 conservante,
609 4157 973 4234 mclnladversrtatrs
977 4160 1036 4234 vel
1047 4157 1186 4232 doloris
1316 4223 1318 4228 .
