3016 5016
346 474 395 547 24
491 467 705 544 HElNRlCl
732 460 1015 542 chronicon
1035 464 1285 541 LYVONlAE.

344 669 547 770 suspendio
566 670 845 744 interfecerunt.
894 667 1081 742 Nimirum
1098 692 1182 742 cum
1202 668 1372 765 credant,
1405 693 1458 742 se

345 770 523 845 cumillis
542 796 631 844 mox
648 771 686 843 in
705 771 777 844 alia
797 769 872 844 vita
891 768 1067 866 victuros.

284 871 334 956 (6.)
418 871 586 970 Signatis
605 871 732 968 itaque
751 895 818 968 per
834 869 1112 944 Theuthoniam
1130 867 1259 941 multis
1279 866 1457 942 homini·

344 973 413 1043 hus
427 972 535 1070 signo
551 971 685 1069 crucis,
703 972 856 1045 tandem
871 972 1030 1042 domnus
1046 968 1247 1078 episcopus
1261 968 1306 1041 ad
1322 994 1453 1044 naves

343 1073 554 1169 revertitur,
579 1083 774 1170 assumpto
794 1095 924 1144 secum
942 1070 1058 1144 fratre
1077 1094 1145 1142 suo
1166 1069 1375 1142 Rothmaro
1398 1071 1452 1157 de

344 1172 509 1248 claustro
541 1173 779 1272 Sygeherge‚
819 1196 864 1245 eo
893 1171 992 1267 quod
1024 1169 1246 1243 auctoritate
1276 1169 1450 1267 piissimi

216 1359 217 1362 Ἴ
343 1273 541 1371 apostolici
572 1270 777 1347 lnnocentii
811 1271 844 1344 ei
877 1271 1057 1344 donatum
1085 1282 1160 1366 θεῖ,
1196 1271 1242 1344 de
1270 1269 1451 1366 quolibet

342 1374 500 1447 cenobio
520 1397 637 1446 unum
656 1373 702 1447 de
721 1371 911 1468 fratrihuS,
938 1397 1051 1468 quem
1069 1370 1195 1466 vellet,
1221 1371 1366 1442 socium
1389 1371 1449 1458 la-

342 1473 444 1546 boris
475 1496 681 1547 assumere.
739 1472 860 1571 Igitur
889 1496 933 1545 co
965 1471 1144 1568 ducente,
1181 1470 1243 1569 qui
1275 1470 1448 1568 imperat

341 1573 462 1647 ventis
481 1584 520 1647 et
537 1573 644 1670 mari,
672 1572 806 1670 Rigam
826 1582 1049 1670 perventum
1076 1581 1155 1668 est,
1184 1571 1246 1645 ubi
1273 1572 1444 1644 domnus

342 1673 552 1772 episcopus,
580 1699 601 1746 a
620 1673 698 1746 suis
717 1674 780 1745 diu
798 1673 1043 1770 desideratus,
1070 1697 1155 1745 cum
1175 1672 1277 1745 omni
1291 1663 1444 1746 milicia

285 1817 288 1825 ι
340 1775 628 1872 peregrinorum
665 1773 871 1847 honorifice
905 1783 1105 1870 susceptus
1137 1783 1205 1846 est.
1275 1771 1367 1846 Erat
1402 1774 1442 1846 in

320 1867 323 1876 ¹
342 1874 474 1949 eadem
502 1875 582 1948 acie
599 1876 683 1947 dux
708 1873 796 1948 belli
820 1898 947 1948 comes
966 1873 1151 1947 Henricus
1170 1874 1215 1944 de
1234 1871 1442 1969 Stampen-

341 1973 512 2073 husen⁷⁶7
531 1975 634 2047 Couo
655 1975 700 2048 de
718 1973 987 2068 Yseno0r0h⁷⁷,
1013 1971 1148 2047 nobilis
1167 1973 1296 2070 homo,
1315 1983 1351 2046 et
1371 1974 1440 2047 alii

340 2085 419 2147 tam
445 2076 490 2150 de
515 2075 712 2149 Westlalia
744 2099 858 2172 quarn
889 2075 935 2147 de
959 2073 1124 2147 Saxonia
1155 2073 1439 2171 milites'quam

281 2176 469 2274 (7.)plures
488 2201 572 2249 cum
592 2175 727 2250 ceteris
744 2174 965 2275 peregrinis,
1016 2175 1154 2248 Volens
1181 2198 1271 2272 ergo
1292 2173 1440 2273 episco-

339 2300 410 2375 pus
429 2285 618 2368 tantorum
644 2276 809 2351 virorum
836 2274 993 2348 consilio
1021 2284 1058 2350 et
1076 2274 1214 2348 auxilio
1232 2274 1341 2348 vinee
1359 2273 1438 2349 Do·

339 2375 430 2448 mini
455 2377 631 2484 palmites
654 2377 854 2452 extendere
871 2376 909 2448 iu
928 2376 1115 2478 gentibus
1134 2384 1221 2475 post
1237 2375 1437 2448 introitum

339 2477 446 2552 Dnue
465 2478 672 2551 claustrum
695 2476 1012 2572 cysterciensium
1038 2477 1312 2549 monachorum
1332 2475 1436 2550 loca-

339 2588 472 2652 verunt
502 2577 538 2650 in
566 2577 834 2673 Dunemunde,
866 2577 999 2674 quibus
1028 2577 1229 2675 episcopus
1257 2579 1434 2649 abbatem

337 2679 497 2776 prefecit
515 2678 746 2752 antedictum
763 2678 919 2750 fratrem
938 2678 1223 2775 Theodericum,
1242 2677 1433 2774 mittitque

339 2779 384 2850 ad
412 2778 580 2852 castrum
602 2867 605 2874 ι
626 2778 812 2851 Ykescola
847 2778 1058 2851 Conradum
1086 2779 1132 2853 de
1162 2778 1432 2876 Meyendorpe,

338 2878 398 2952 cui
417 2879 492 2952 iam
510 2877 648 2951 dudum
664 2888 830 2951 castrum
843 2876 942 2950 idem
956 2877 994 2950 iu
1008 2878 1190 2952 beneficio
1205 2878 1433 2970 contulerat,

339 2989 379 3052 ut
398 3004 442 3054 eo
461 2979 662 3053 nunciante
679 2978 852 3074 Lyvones
876 2975 1098 3077 episcopum
1115 3003 1201 3052 cum
1219 2977 1441 3077 peregrinis

337 3080 560 3178 quibusdam
586 3089 786 3153 venturum
809 3078 1000 3175 presciant
1024 3088 1062 3154 et
1083 3079 1220 3178 ipsum⁷
1248 3090 1431 3178 tanquam

336 3180 402 3253 filii
425 3189 586 3278 patrem,
613 3179 774 3276 benigne
793 3178 985 3277 recipiant,
1013 3204 1099 3252 cum
1126 3204 1199 3277 quo
1228 3181 1433 3278 disponant

337 3283 382 3355 de
401 3305 495 3380 pace
521 3280 560 3352 in
584 3304 626 3354 se
652 3279 823 3353 habenda
849 3289 887 3353 et
909 3279 982 3354 lide
1001 3279 1156 3353 ulterius
1176 3281 1429 3379 propaganda.

275 3381 509 3476 (tlh-yvonem
528 3405 632 3477 ergo,
660 3379 722 3477 qui
747 3389 834 3476 post
851 3391 1046 3482 acceptam
1065 3381 1240 3479 baptismi
1266 3381 1429 3478 gratiam

336 3506 358 3554 a
383 3480 504 3577 primo
532 3481 725 3576 Lyvonum
743 3479 908 3554 antistite
926 3481 1129 3577 Meynardo
1157 3480 1270 3555 fidem
1290 3481 1429 3554 Christi

333 3579 538 3654 irridebant
563 3591 600 3653 et
625 3582 722 3654 hanc
747 3579 785 3652 in
810 3580 918 3654 Duria
946 3605 987 3656 se
1005 3582 1174 3656 lavantes
1193 3582 1319 3656 delere
1338 3605 1429 3680 sepe

334 3681 519 3778 dicebaut,
538 3681 662 3754 audito
677 3680 844 3780 episcopi
862 3705 1033 3778 ascensu,
1052 3707 1138 3755 cum
1157 3682 1292 3756 ceteris
1307 3684 1430 3755 adhuc

267 3863 269 3866 ,
334 3781 492 3880 paganis
512 3782 556 3852 ad
575 3782 705 3880 fugam
723 3806 765 3856 se
784 3792 998 3881 preparant,
1026 3792 1064 3856 et
1086 3808 1196 3856 mane
1215 3784 1316 3857 facto
1335 3782 1430 3868 Con·

333 3881 466 3954 radum
484 3883 789 3980 prenominatum
807 3881 853 3955 ad
872 3907 915 3977 se
931 3893 1123 3980 vocanteS,
1150 3884 1296 3958 occulte
1320 3884 1429 3956 moli·

333 3992 446 4055 untur
464 3982 645 4082 occidere.
683 3983 757 4057 Sed
773 3983 860 4080 quia
874 3983 1012 4082 sagitta
1027 3983 1175 4082 previsa
1190 3983 1313 4057 minus
1328 3985 1429 4082 ferit,

332 4135 462 4264 ¹7¹6)Rolirn
482 4146 597 4192 castrum
617 4146 704 4192 terrae
723 4135 872 4208 Hoyensis.
956 4135 1002 4208 77)
1021 4135 1088 4192 Erat
1106 4137 1238 4208 lscuburg
1258 4149 1374 4194 castrum
1395 4141 1429 4194 od

352 4250 358 4264 .
405 4227 488 4266 uram.
