3104 5012
333 451 381 526 92
480 446 691 521 HEINRICI
720 446 997 524 CHRONICON
1024 446 1276 524 LYVONIAE.

333 657 440 740 erant
464 647 613 721 circiter
636 658 797 745 quatuor
824 649 927 722 milia
945 650 1302 746 Theuthonicorum,
1324 651 1432 749 pedi-

331 759 411 821 tum
430 747 543 822 simul
562 759 599 822 et
618 747 796 846 equitum,
817 759 855 823 et
871 749 1067 846 Lyvonum
1087 761 1124 829 et
1138 750 1337 826 Lettorum
1354 751 1431 823 alia
1514 828 1520 836 ,

329 847 499 924 totidem.
536 847 583 919 Et
600 847 704 922 ibant
721 848 758 921 in
773 848 1006 946 provinciam
1020 850 1235 947 Tharbiten,
1255 861 1292 924 et
1304 860 1431 924 trans-

332 958 463 1022 euntes
502 948 663 1022 Matrem
700 972 884 1046 aquarum
912 951 1167 1026 veneruntad
1195 949 1429 1049 indaginem,

330 1072 443 1147 quam
463 1058 549 1122 ante
569 1047 761 1122 christiani
781 1050 1054 1149 destruxerant,
1083 1061 1119 1126 et
1147 1051 1428 1148 quiescentibus

329 1149 380 1221 ibi
407 1147 629 1247 peregrinis,
655 1148 829 1244 Lyvoncs
857 1160 895 1224 et
917 1151 1016 1224 Letti
1043 1153 1167 1248 etqui
1192 1152 1430 1225 erantvelo-

330 1249 451 1324 ciores
483 1250 529 1323 de
561 1248 748 1346 exercitu,
786 1260 1053 1348 processerunt
1087 1251 1126 1324 in
1150 1245 1350 1350 Waigam,
1387 1263 1428 1325 et

304 1389 305 1396 κ
328 1348 584 1448 despoliantes
611 1358 728 1423 totam
756 1349 988 1447 provinciam
1015 1352 1330 1449 aput'castellum
1357 1350 1428 1426 So-

328 1449 493 1522 melinde
522 1471 563 1522 se
591 1460 926 1548 congregaverunt.
965 1449 1145 1549 Sequenti
1164 1451 1224 1527 die
1242 1463 1429 1526 venerunt

329 1549 375 1622 ad
403 1571 493 1622 suos
512 1547 549 1620 in
567 1548 714 1648 Wai-ga,
742 1560 781 1624 et
805 1551 1042 1647 quiescentes
1060 1551 1179 1624 tribus
1198 1552 1340 1650 diebus,
1368 1562 1426 1624 to·

327 1662 406 1723 tam
425 1659 565 1722 terram
592 1648 628 1720 in
657 1648 814 1723 circuitu
833 1650 1149 1749 despoliaverunt,
1178 1663 1215 1726 et
1232 1653 1366 1727 domos
1386 1664 1426 1728 et
1528 1597 1536 1704 i

325 1749 435 1824 villas
450 1747 613 1822 flammis
628 1749 872 1847 tradiderunt,
891 1762 929 1826 et
946 1753 1086 1825 multos
1106 1753 1309 1850 capienteS,
1329 1752 1426 1826 mul·
1532 1745 1536 1836 i

325 1860 387 1924 tos
405 1849 685 1946 interficientes
709 1851 831 1947 spolia
849 1852 969 1924 muita
986 1854 1164 1927 tulerunt.
1218 1853 1265 1926 Et
1287 1863 1422 1951 quarto
1533 1837 1536 1926 i

326 1951 385 2024 die
400 1951 647 2049 procedentes
665 1949 704 2022 in
723 1953 895 2026 Gerwam
910 1952 1115 2026 diviserunt
1133 1952 1339 2026 exercitum
1354 1979 1423 2051 per
1535 2007 1536 2020 2

326 2075 459 2124 omnes
486 2051 699 2148 provincias
725 2075 769 2123 ac
787 2052 895 2124 villas
914 2063 954 2125 et
971 2054 1115 2149 domne,
1144 2064 1181 2127 et
1207 2054 1348 2130 multos
1376 2055 1423 2126 de
1534 2063 1536 2142 j

325 2151 486 2248 paganis
506 2150 867 2247 comprehendentes
887 2151 1116 2250 occiderunt,
1134 2163 1172 2228 et
1185 2154 1365 2228 mulieres
1385 2165 1424 2226 et
1532 2143 1536 2238 ἶζ

326 2251 504 2348 parvulos
520 2250 688 2348 captivos
701 2251 898 2346 duxerunt,
914 2264 952 2326 et
964 2277 1106 2352 pecora
1114 2254 1238 2326 multa
1252 2264 1291 2328 et
1301 2277 1421 2351 equos
1535 2285 1536 2316 2

327 2362 364 2424 et
382 2352 504 2450 spolia
522 2350 724 2448 rapientes,
744 2351 837 2426 etin
854 2353 955 2450 villa,
975 2379 1048 2450 que
1066 2351 1294 2429 Carethen⁴⁰
1311 2379 1423 2426 voca·
1495 2387 1498 2390 ·
1535 2445 1536 2450 Ἰ

324 2461 398 2550 tur,
419 2451 754 2552 congregationem
773 2475 883 2526 suam
901 2455 1106 2549 hahentes,
1124 2455 1262 2550 omnia,
1290 2479 1363 2550 que
1382 2455 1420 2527 in

327 2553 482 2626 circuitu
511 2563 636 2645 erant,
671 2551 843 2628 incendio
870 2564 1122 2629 vastaverunt.
1176 2555 1266 2628 Erat
1293 2565 1420 2629 autem
1535 2553 1536 2618 ἶ

323 2663 413 2728 tunc
430 2654 519 2727 villa
537 2652 725 2726 Carethen
749 2653 1003 2752 pulcherrima
1023 2664 1060 2728 et
1084 2678 1222 2753 magna
1247 2665 1285 2728 et
1303 2679 1421 2754 popu·
1509 2687 1512 2694 ¹

323 2758 419 2852 losa,
448 2754 544 2829 sicut
562 2777 695 2826 omnes
713 2754 800 2827 ville
819 2754 857 2825 in
876 2753 1033 2828 Gerwen
1057 2755 1148 2829 etin
1167 2765 1247 2828 tota
1265 2755 1419 2849 Estonia
1464 2811 1470 2824 .
1535 2837 1536 2840 Ἴ

323 2858 494 2951 fuerunt,
529 2878 601 2951 que
632 2854 873 2951 postmodum
904 2877 1037 2928 omnes
1069 2855 1196 2954 sepius
1227 2881 1249 2928 a
1280 2855 1418 2928 nostris

323 2966 470 3030 vastate
497 2965 535 3028 et
555 2953 708 3029 incense
735 2965 833 3028 sunt.
886 2953 975 3029 Post
1004 2955 1168 3030 triduum
1186 2964 1418 3030 revertentes

326 3081 412 3130 cum
440 3054 542 3127 omni
566 3055 719 3154 rapina,
752 3055 861 3128 villas
887 3080 931 3128 ac
957 3056 1169 3154 provincias
1203 3048 1418 3130 adiacentes
1443 3097 1453 3115 ·

323 3156 587 3252 incenderunt,
617 3155 793 3228 Mocham
824 3155 999 3230 videlicet
1029 3182 1074 3231 ac
1099 3158 1418 3255 Normegundarn,

324 3269 362 3332 et
389 3257 444 3329 sic
468 3255 622 3329 tandem
645 3255 691 3328 ad
718 3267 913 3355 stagnum,
949 3257 1047 3354 quod
1073 3255 1417 3356 Worcegerrewe⁴¹
1535 3307 1536 3310 =

323 3366 491 3454 vocatur,
518 3357 761 3454 devenerunt,
788 3356 886 3430 etin
911 3358 1034 3455 glacie
1060 3368 1205 3454 eunteS,
1233 3359 1270 3430 in
1297 3357 1417 3454 Lyvo-

322 3459 424 3531 niam
443 3481 529 3530 cum
547 3458 684 3556 gaudio
703 3457 906 3531 redierunt.

263 3578 312 3661 (8,)
398 3557 563 3631 Audiens
581 3558 708 3656 itaque
722 3583 788 3632 rex
803 3582 963 3656 magnus
978 3559 1165 3664 Nogardie
1181 3559 1416 3656 Mysteslawe

323 3659 528 3734 exercitum
547 3657 893 3734 Theuthonicornm
913 3658 950 3731 in
968 3660 1135 3756 Estonia,
1163 3659 1362 3738 surrexit⁴²
1380 3670 1417 3732 et

322 3760 404 3858 ipse
424 3784 510 3834 cum
528 3759 740 3858 quindecim
754 3759 905 3832 milibus
919 3759 1086 3834 virorum
1102 3771 1140 3836 et
1154 3761 1242 3836 abiit
1256 3762 1293 3838 in
1307 3761 1418 3856 Way-

322 3885 423 3960 gam,
456 3870 493 3934 et
524 3861 570 3933 de
599 3861 745 3959 Wayga
773 3860 963 3960 processit
990 3860 1028 3933 in
1056 3861 1240 3958 Gerwam,
1266 3861 1315 3935 ‘et
1341 3884 1416 3962 non

322 4041 367 4108 40)
387 4042 468 4096 hodie
489 4051 517 4096 ut
536 4043 642 4096 ridetur
660 4043 734 4096 vices
753 4024 990 4098 Grues-Karreda.
1098 4045 1143 4112 41)
1165 4045 1246 4100 hodie
1261 4034 1427 4114 'Wrizjcrt'us

323 4116 444 4170 ehstnice
469 4116 619 4182 Wartsjerw
642 4125 669 4168 et
699 4116 859 4184 Wortcjerw.
893 4163 895 4170 .
970 4118 1014 4189 42)
1040 4117 1082 4172 De
1101 4129 1223 4189 ternpore
1243 4119 1278 4173 cs.
1297 4117 1415 4174 Bonncli

322 4189 340 4243 l.
360 4206 383 4242 c.
403 4187 575 4243 Commentar
592 4208 618 4260 p.
633 4189 676 4242 56.
