3084 5018
315 463 386 535 184
454 457 665 533 lllllNlllCl
693 455 970 532 CHRONlCON
996 457 1248 531 LYVONIAE.

312 659 443 757 Demo,
470 671 508 734 et
533 659 816 754 Theodericum,
839 661 995 736 fratrem
1020 661 1190 760 episcopi
1215 660 1409 760 lligensis,

312 759 463 836 obsides
480 761 617 836 ibidem
634 786 703 860 pro
722 761 827 860 pacis
845 761 1131 837 confirmatione
1153 761 1409 860 retinuerunt,

312 861 447 961 reliqui
465 885 597 937 omnes
616 862 661 935 ad
680 861 810 937 Dauos
827 861 865 936 in
882 863 1041 938 Reveles
1058 863 1259 938 redierunt

253 971 302 1058 (4.)
388 965 492 1038 Tunc
516 962 672 1037 Osiliani
699 963 964 1038 destruxerunt
989 976 1156 1038 castrum
1173 964 1211 1037 in
1229 965 1407 1062 circuitu⁷

312 1090 389 1139 non
415 1065 670 1163 relinquentes
696 1065 1002 1164 lapidemsuper
1023 1065 1201 1164 lapidem,
1227 1076 1265 1140 et
1288 1066 1407 1141 mise·

310 1178 400 1240 runt
423 1169 580 1240 verbum
605 1165 705 1238 istud
728 1190 797 1264 per
819 1166 1033 1240 universam
1059 1166 1265 1262 Estoniam‚
1302 1169 1404 1265 quod

313 1278 480 1342 castrum
501 1267 603 1365 regis
630 1265 824 1341 Danorum
842 1278 1151 1366 expugnaverunt
1176 1279 1216 1342 et
1232 1269 1405 1342 christia-

311 1393 381 1443 nos
415 1370 461 1441 de
492 1367 628 1440 linibus
659 1368 738 1440 suis
766 1367 967 1441 eiecerunt.
1023 1365 1070 1440 Et
1095 1369 1407 1444 confortaverunt

311 1470 473 1544 Estoncs
497 1469 535 1540 in
554 1468 728 1540 omnibus
754 1468 970 1567 provinciis,
996 1478 1037 1540 ut
1059 1469 1190 1568 iugum
1208 1468 1405 1543 Danornm

313 1597 334 1644 a
353 1595 395 1644 se
413 1567 609 1664 coicerent,
636 1578 674 1642 et
691 1593 829 1643 nornen
849 1569 1093 1643 christianum
1120 1572 1166 1644 de
1183 1579 1286 1644 terra
1303 1573 1409 1646 dele-

311 1681 411 1764 rentp
433 1669 600 1744 dicantes
629 1668 741 1743 facile
769 1681 933 1744 castrum
962 1670 1155 1744 Danorum
1183 1672 1407 1771 expugnari.

313 1774 360 1846 Et
377 1773 561 1846 docebant
579 1795 645 1844 eos
660 1770 853 1844 machinas
872 1782 911 1845 et
927 1771 1158 1870 p'athercllos
1177 1773 1339 1870 erigere⁷
1366 1783 1407 1846 et

312 1884 438 1948 cetera
464 1872 713 1946 instrumenta
740 1872 885 1946 bellica.
939 1872 986 1945 Et
1010 1883 1092 1945 orta
1123 1883 1210 1945 sunt
1235 1875 1338 1948 mala
1363 1875 1405 1947 in

312 1986 423 2049 terra.

252 2079 302 2164 (5.)
387 2075 591 2171 Postquam
616 2073 730 2172 igitur
755 2072 960 2148 Osilienses
992 2098 1078 2147 cum
1105 2073 1407 2147 Harioncnsibus

312 2171 632 2273 conspirationum
644 2198 798 2247 suarum
812 2175 1110 2248 machinationes
1124 2175 1310 2274 pessimas
1318 2199 1407 2247 con-

311 2288 371 2350 tra
396 2274 524 2348 Dauos
543 2285 581 2348 et
607 2285 738 2348 contra
765 2299 902 2350 nomen
928 2275 1170 2349 christianum
1190 2277 1406 2375 compleve-

312 2386 410 2472 runt,
429 2387 756 2474 congregaverunt
773 2400 815 2450 se
829 2377 941 2450 simul
956 2401 1088 2452 omnes
1103 2402 1189 2450 cum
1203 2376 1407 2451 maritimis

311 2477 431 2553 eciam
448 2472 652 2550 Estonibus
670 2477 708 2549 in
727 2488 848 2550 castro
867 2478 1116 2574 Warbolensi7
1143 2489 1181 2552 ct
1206 2478 1405 2552 interfece-

309 2590 397 2653 runt
423 2580 606 2675 quosdam
640 2603 686 2652 ex
711 2577 835 2650 Danis'
858 2588 896 2652 et
922 2580 1178 2652 sacerdotibus
1206 2579 1303 2675 suis,
1338 2579 1405 2677 qui

309 2681 572 2753 habitaverunt
599 2703 684 2753 cum
710 2677 775 2752 eis.
824 2679 871 2751 Et
893 2681 1076 2755 miserunt
1094 2680 1251 2753 nuncios
1269 2681 1308 2753 in
1326 2680 1405 2753 Wi-

308 2781 456 2854 roniam
483 2792 524 2853 ut
548 2779 621 2878 ipsi
647 2769 782 2852 similia
808 2781 986 2853 facerent.
1039 2781 1282 2854 Wironenses
1310 2805 1403 2856 vero

309 2907 395 2956 cum
419 2881 743 2977 Gerwanensibus,
769 2905 857 2954 cum
880 2881 952 2979 ipsi
969 2881 1044 2954 sint
1060 2883 1232 2954 homines
1260 2882 1406 2980 simpli·

310 3007 373 3057 ces
400 2992 437 3055 et
455 2980 676 3055 humiliores
702 2982 785 3053 aliis
803 2981 1017 3079 EstonibuS,
1044 3007 1118 3055 non
1136 2995 1403 3081 presumentes

308 3082 399 3156 talia
427 3081 673 3177 committere,
707 3083 964 3155 conduxerunt
990 3086 1206 3158 sacerdotes
1232 3108 1335 3181 suos,
1363 3095 1404 3157 et

308 3181 536 3256 remiserunt
554 3204 620 3254 eos
639 3205 750 3255 sanos
768 3183 806 3254 in
825 3193 990 3256 castrum
1009 3184 1214 3258 Danorum.

383 3281 682 3356 Sackalanenses
709 3308 809 3380 vero,
836 3283 898 3382 qui
924 3285 1036 3357 simul
1067 3285 1294 3358 habitabant·
1312 3311 1399 3359 cum

307 3383 485 3456 fratribus
504 3383 635 3457 militie
654 3384 689 3456 in
710 3396 831 3458 castro
850 3385 1029 3482 Viliende‚
1056 3387 1205 3460 dolosas
1229 3387 1398 3459 cordium

309 3509 464 3558 suorum
482 3484 732 3581 cogitationes
751 3496 880 3558 contra
899 3487 1054 3561 eosdem
1072 3489 1206 3560 t'ratres
1225 3488 1302 3560 iam
1320 3511 1397 3560 am·

307 3585 404 3685 plius
437 3585 675 3659 dissimulare
705 3610 782 3658 non
810 3586 999 3684 valentes,
1035 3591 1235 3663 currebant
1265 3612 1398 3662 omnes

307 3711 393 3760 cum
412 3685 546 3785 gladiis
562 3698 599 3761 et
615 3686 758 3760 lanceis
777 3698 815 3760 et
834 3687 974 3786 clypeis
993 3689 1082 3785 suis,
1102 3700 1139 3763 et
1153 3690 1398 3788 comprehen-

307 3789 437 3862 dentes
469 3788 651 3885 quosdam
682 3813 728 3860 ex
758 3787 935 3860 fratribus
967 3799 1005 3862 et
1032 3813 1161 3864 servos
1192 3815 1325 3864 eorum
1359 3801 1397 3864 et

306 3900 536 3963 mercatores
555 3887 847 3986 Theuthonicos‚
875 3900 912 3962 et
925 3889 1205 3964 interfecerunt
1227 3916 1304 3965 eos.
1349 3890 1397 3964 Et

217 3995 296 4051 122³.
307 4014 392 4062 cum
425 3998 527 4062 esset
553 3989 754 4086 dominica,
788 3989 828 4061 in
858 4015 931 4087 qna
966 3991 1104 4091 legitur
1134 3991 1395 4091 euangelium:

197 4067 524 4164 ¹³”·²⁹·rlscendente
549 4088 654 4164 [lesu
679 4095 716 4164 in
742 4090 961 4187 naviculum,
989 4117 1067 4166 ecre
1093 4100 1397 4190 motus'mupnuo
