3104 5012
197 546 205 558 ,
305 477 517 554 HEINRICI
545 481 825 557 CHRONICON
852 481 1103 556 LYVONIAE.
1201 489 1249 556 77

146 677 299 775 Caspe,
327 680 471 755 Ninnus
500 681 614 756 simul
640 695 677 757 et
702 684 885 758 Dabreius
912 707 998 757 cum
1025 683 1179 778 ceteris,
1212 695 1250 756 et

147 781 405 876 precedebant
421 782 607 880 Rigenses
633 796 671 857 et
694 784 929 882 peregrinos,
958 797 996 858 et
1021 786 1249 882 sequebatur

148 879 274 952 omnis
294 882 479 956 exercitus
499 882 537 955 in
555 885 774 982 Metsepole.
811 885 856 957 Et
870 885 1036 983 acceptis
1057 884 1246 958 obsidibus

147 1002 173 1050 a
198 978 429 1078 Lyvonibus,
465 984 528 1081 qui
552 983 688 1081 perdidi
710 987 951 1084 putabantur,
977 996 1248 1081 processerunt

147 1079 195 1150 ad
221 1105 348 1177 mare3
388 1093 427 1156 et
449 1084 593 1158 directa
618 1085 681 1157 via
706 1109 817 1160 secus
842 1107 949 1160 mare
975 1084 1036 1158 die
1064 1103 1108 1157 ac
1133 1096 1246 1158 nacte

148 1191 296 1274 euntes7
313 1195 499 1257 venerunt
517 1186 562 1257 nd
580 1185 743 1282 primam
758 1181 1006 1285 provinciamq
1024 1209 1098 1283 que
1113 1185 1246 1258 Sonta-

146 1281 287 1377 gana²⁹
313 1294 490 1376 vocatur3
519 1287 694 1359 cristestes
719 1309 869 1384 quoque
895 1285 1044 1358 viarum
1072 1285 1243 1358 videntes

146 1381 355 1456 exercitum
379 1383 583 1483 fugierunt,
616 1397 656 1458 ut
680 1386 904 1459 nunciarent
931 1385 1023 1460 suis.
1075 1385 1148 1459 Sed
1180 1385 1243 1483 qui

146 1493 256 1554 erant
272 1483 483 1560 velociores
503 1485 541 1558 in
560 1486 727 1560 exercitu
746 1485 860 1560 simul
888 1511 973 1559 cum
1000 1485 1245 1584 exploratori-

144 1581 217 1654 bus
234 1583 343 1657 villas
364 1584 559 1680 intrantes⁷
587 1587 810 1660 invenerunt
827 1588 908 1660 fere
927 1609 1060 1659 amnes
1086 1586 1123 1657 in
1141 1584 1242 1658 villis

145 1690 185 1752 et
199 1681 237 1753 in
253 1683 425 1758 domibus
441 1685 531 1760 suis.
565 1687 610 1759 Et
624 1687 753 1759 divisit
766 1711 808 1760 se
823 1685 1010 1760 exercitus
1025 1711 1094 1786 per
1109 1711 1241 1760 omnes

142 1780 227 1854 vias
246 1807 291 1856 ac
309 1783 432 1880 villas,
460 1797 498 1859 et
515 1787 787 1860 interfecerunt
809 1787 993 1885 pupulum
1017 1787 1179 1859 multum
1203 1785 1241 1858 in

144 1883 320 1958 omnibus
338 1883 447 1982 locis,
474 1898 512 1960 et
528 1889 852 1986 persequebantur
879 1907 946 1960 eos
974 1887 1011 1958 in
1034 1886 1241 1984 provinciis

143 1982 417 2079 adiacentibus,
437 1998 476 2058 et
494 1998 675 2084 ceperunt
693 2011 738 2059 ex
758 1987 814 2061 eis
832 1987 1012 2061 mulieres
1032 1999 1070 2060 et
1087 1991 1240 2086 puer0s3

143 2093 184 2154 et
208 2096 465 2160 convenerunt
491 2088 537 2158 ad
567 2099 741 2160 castrum.
784 2087 964 2186 Sequenti
984 2087 1045 2161 die
1065 2112 1109 2160 ac
1127 2086 1240 2160 tertio

143 2183 383 2259 circueuntes
412 2189 540 2260 omnia
565 2198 809 2262 vastaverunt
837 2200 874 2261 et
892 2188 1139 2261 incenderunt
1167 2212 1240 2286 que

141 2283 380 2380 invenerunt,
408 2297 445 2359 et
470 2312 588 2385 equos
615 2300 651 2361 et
669 2313 809 2386 pecora
828 2287 1117 2362 innumerabilia
1135 2311 1240 2360 acce·

140 2396 290 2483 perunt.
352 2386 467 2460 Erant
499 2387 600 2460 enim
631 2390 746 2460 boum
778 2399 816 2462 et
846 2413 1047 2461 vaccarum
1080 2397 1240 2486 quatuor

140 2484 262 2580 miliaq
290 2487 457 2584 exceptis
486 2487 595 2586 equis
614 2500 652 2561 et
679 2488 763 2562 aliis
791 2487 991 2588 pecoribus
1012 2498 1048 2560 et
1068 2486 1238 2585 captivis⁷

141 2610 304 2684 quorum
317 2612 392 2660 non
413 2595 494 2660 erat
506 2611 698 2660 numerus.
730 2587 836 2661 Multi
853 2587 974 2661 eciam
988 2611 1238 2686 paganorum,

141 2687 207 2784 qui
226 2686 265 2757 in
284 2687 390 2760 silvis
411 2699 449 2761 et
466 2687 504 2758 in
525 2687 648 2786 glacie
666 2688 782 2762 maris
796 2714 865 2786 per
877 2689 1009 2785 fugam
1024 2699 1236 2782 evaserunt,

138 2787 698 2887 frigorecongelatiperierunt.
727 2788 869 2876 Quarto
879 2789 954 2883 die,
970 2788 1236 2885 captiscastris

138 2887 260 2960 tribus
280 2887 513 2980 attanensis,
541 2888 643 2962 exire
663 2901 844 2986 ceperunt
869 2890 915 2962 de
932 2900 1033 2962 terra
1052 2912 1138 2962 cum
1156 2889 1236 2960 uni·

136 2988 252 3060 versa
268 2989 413 3086 rapina7
433 3001 472 3063 et
489 3013 640 3064 morose
658 2990 860 3064 redeuntes
876 2988 1061 3088 equaliter
1080 2989 1176 3062 inter
1194 3014 1236 3062 se

139 3087 351 3162 diviserunt
368 3096 407 3162 et
425 3114 510 3162 cum
530 3089 668 3188 gaudio
687 3089 724 3161 in
743 3089 949 3186 Lyvcniam
968 3090 1172 3185 redierunt,
1200 3101 1237 3163 et
1258 3181 1261 3189 Ι
1347 3179 1353 3192 .

137 3190 413 3276 benedixerunt
431 3214 563 3264 omnes
582 3190 796 3286 Dominum,
824 3192 887 3290 qui
913 3190 1016 3264 dedit
1043 3197 1098 3264 eis
1117 3189 1236 3263 vindi-

139 3301 241 3362 ctam
269 3292 315 3364 de
343 3289 525 3385 inimicis3
567 3291 678 3364 etde
710 3290 940 3391 improperio
974 3291 1237 3365 conticuerunt

138 3390 314 3484 bistones
334 3391 432 3487 quod
447 3388 660 3485 Lyvonibus
681 3402 719 3464 et
731 3391 849 3465 Lettis
865 3392 969 3490 prius
990 3393 1035 3464 de
1054 3390 1233 3486 martyrio

138 3515 295 3564 suorum
322 3491 683 3589 improperaverunt.
729 3491 909 3588 Sequenti
934 3491 1129 3565 lunatione
1148 3506 1346 3564 con-tanea

135 3602 324 3664 venerunt
351 3591 489 3665 iterum
513 3591 685 3686 Lyvones
710 3615 754 3664 ac
778 3589 875 3664 Letti
903 3616 990 3664 cum
1006 3590 1234 3690 Rigensibus

137 3703 230 3789 aput
256 3691 465 3790 Astigerwe
492 3701 681 3790 stagnum,
710 3702 748 3764 et
773 3691 955 3764 habentes
981 3692 1133 3764 obvium
1162 3690 1233 3764 sibi
1308 3701 1311 3706 ’

137 3790 345 3865 exercitum
363 3791 696 3866 Saccaianensium
716 3801 754 3864 et
766 3790 1063 3889 Ugaunensium‚
1082 3790 1239 3889 proces·¹
1307 3869 1318 3886 ,

136 3902 270 3965 serunt
289 3892 334 3963 ad
354 3915 434 3987 eos7
453 3902 495 3964 ut
512 3901 726 3990 pugnarent
744 3916 830 3964 cum
850 3890 917 3964 eis.
954 3891 1028 3965 Sed
1048 3890 1102 3963 illi
1122 3892 1235 3965 dorsa

134 4003 328 4084 vertentes
362 3993 556 4091 fugerunt,
590 4002 627 4065 et
654 3991 837 4065 remansit
854 4017 959 4066 unus
992 4016 1037 4065 ex
1068 3991 1137 4088 eis,
1170 3992 1235 4090 qui

133 4137 254 4263 29)dcx
273 4154 307 4190 ex
327 4138 414 4191 verbis
434 4133 572 4189 Ebstnicis
590 4153 621 4191 so
641 4136 738 4205 (palus)
758 4146 786 4190 ct
799 4142 896 4206 (aquae
914 4138 997 4208 (quod
1015 4146 1088 4191 retro
1103 4136 1151 4207 est)
1171 4135 1234 4189 sor-

135 4227 177 4264 ma
207 4249 214 4262 .

1030 4289 1052 4355 7
