3084 5018
17 397 20 444 l

17 445 26 560 l

17 573 21 618 ὲ

17 639 21 742 l

281 456 496 537 HsslNRlCl
525 453 804 536 CHRONlCON
829 462 1080 581 LYVQNIAE.
1155 468 1228 542 205

126 689 319 762 nunquam
357 664 506 738 obsides
543 664 711 752 eiusdem
749 665 935 740 llllaritinre
977 666 1225 743 reddiderant.

124 767 382 862 Wyronenses
410 790 559 863 quoque
586 776 623 838 el·
646 765 930 863 GerwanenseS,
958 767 1085 841 audita
1113 770 1225 842 castri

87 929 90 934 .
126 866 371 942 Darbatensis
386 867 677 964 expugnatione,
692 865 826 964 Rigam
840 879 1035 966 venerunt,
1056 881 1094 943 et
1107 893 1225 966 equos

127 979 166 1042 et
185 993 343 1042 munera
363 967 526 1043 dominis
545 967 763 1043 attulerunt.

202 1069 413 1167 Episcopus
441 1093 530 1144 vero
558 1068 796 1148 Hermannus
831 1068 921 1142 abiit
954 1093 1040 1142 cum
1075 1069 1153 1142 suis
1185 1070 1222 1142 in
1234 1083 1285 1169 (8.)

17 1135 19 1154 Ε
124 1170 362 1270 Uganuiam'
382 1179 419 1244 et
451 1169 550 1267 cepit
575 1180 741 1242 castrum
769 1167 938 1268 Odempe
970 1169 1158 1267 edificare,
1186 1181 1225 1244 et

17 1269 19 1300 ³
124 1269 264 1345 locavit
278 1270 315 1342 in
330 1294 375 1343 eo
389 1269 491 1344 viros
506 1270 650 1346 nobiles
665 1282 703 1344 et
717 1268 855 1344 milites
874 1270 1067 1368 honestos,
1087 1269 1223 1368 Engel-

47 1415 54 1432 ι
124 1373 273 1445 bertum
299 1371 489 1468 videlicet,
520 1396 709 1469 generum·
729 1396 840 1450 suum
867 1372 913 1445 de
939 1371 1222 1468 Thysenhusen,

17 1537 18 1540 ,
125 1471 165 1548 et
191 1471 465 1546 Theodericum
493 1472 649 1546 fratrem
679 1496 809 1569 suum,
843 1482 881 1550 et
907 1473 1149 1545 Helmoldum
1175 1474 1221 1552 de

124 1573 339 1671 Lnneburg,
365 1572 487 1650 virum
512 1575 735 1671 prudentem
762 1573 1000 1672 arnobium,
1026 1583 1063 1668 et
1089 1572 1222 1647 lohan-

17 1679 18 1768 J
124 1699 213 1748 nem
224 1675 273 1748 de
288 1673 426 1769 Dolen3
454 1675 598 1750 donans
612 1675 813 1771 unicuique
828 1679 960 1750 eorum
975 1674 1219 1772 provinciam,

17 1781 19 1874 J
125 1775 160 1846 id
188 1785 246 1850 est
268 1775 523 1874 kylegundam
550 1801 677 1870 unam,
703 1776 741 1848 in
766 1776 892 1869 feudo,
919 1785 961 1848 et·
983 1774 1077 1848 alios
1101 1775 1222 1849 Theu-

123 1875 299 1948 thonicos
327 1901 437 1973 quam
468 1877 597 1973 plures
620 1877 666 1950 ad
693 1875 984 1949 cohabitandum
1010 1877 1053 1946 in
1084 1877 1218 1949 eodem

17 2025 20 2068 i
123 1987 251 2050 castro
271 1976 425 2075 recepit,
445 1987 540 2052 utet
557 1986 697 2054 terram
716 1987 755 2050 et
772 1986 939 2052 castrum
957 1976 1159 2056 defendant
1173 1976 1219 2050 de

17 2077 19 2174 ξ
122 2077 298 2175 inimicis,
330 2088 368 2166 et
390 2077 549 2152 Estones
577 2077 746 2152 subditos
772 2100 863 2151 suos
894 2075 1009 2150 fidem
1040 2077 1220 2150 docerent

17 2189 19 2266 ἕ
121 2174 379 2254 christianam.
428 2179 590 2254 Estones
613 2203 716 2275 vero,
744 2189 938 2275 tamquam
964 2176 1130 2276 perfidos
1158 2178 1219 2250 ad-

17 2279 19 2372 ξ
123 2281 210 2376 huc,
238 2303 369 2356 secum
398 2279 434 2356 in
462 2290 587 2354 castro
612 2279 827 2354 cohabitare
854 2303 929 2353 non
953 2277 1217 2376 permiserunt.

17 2377 19 2432 ἶ
122 2380 349 2455 Sacerdotes
364 2405 512 2478 quoque
530 2380 629 2456 idem
649 2380 849 2478 episcopus
869 2403 999 2454 secum
1014 2379 1163 2457 vocavit
1179 2379 1217 2452 in

17 2521 21 2580 l
119 2481 345 2580 Ugauniam,
373 2492 412 2554 et
436 2481 490 2556 eis
515 2480 696 2556 ecclesias
723 2481 760 2553 in
784 2479 967 2558 beneficio
996 2479 1160 2575 donavit,
1179 2491 1217 2554 et

17 2583 19 2674 Ῐ
120 2605 188 2656 eos
208 2605 358 2656 annona
385 2591 422 2656 et
446 2582 547 2680 agris
576 2581 808 2656 sufficienter
826 2581 979 2654 dotavit.
1015 2579 1217 2655 Estonibus

17 2693 20 2762 i
120 2707 270 2781 quoque
294 2683 340 2759 de
367 2683 525 2779 decima,
554 2707 751 2780 sempera
779 2681 858 2757 Deo
885 2692 1038 2779 statuta,
1066 2704 1218 2779 compe·

17 2787 19 2834 ἓ
119 2794 245 2858 tenter
270 2784 439 2858 docendo
471 2783 684 2882 proposuit,
719 2794 757 2858 et
787 2793 1012 2880 receperunt
1041 2805 1143 2878 eam⁷
1180 2793 1218 2856 et

17 2881 19 2892 ²
119 2886 270 2960 solvere
296 2895 478 2983 ceperunt
500 2909 586 2959 eam
610 2884 787 2982 deinceps
813 2883 1017 2957 annuatim.
1063 2881 1152 2957 lnde
1179 2894 1217 2957 et

17 3027 18 3048 2
118 2985 378 3060 sacerdotibus
405 2996 443 3059 et
459 2985 613 3060 vasallis
632 2983 710 3058 suis
729 2983 943 3059 necessaria
968 2985 1057 3058 dare
1076 2993 1114 3057 et
1131 3008 1216 3081 pro-

118 3086 238 3160 missa
256 3087 401 3161 solvere
420 3086 606 3186 disposuit
623 3086 795 3160 fideliter.
841 3085 1064 3160 Rotmarum
1083 3083 1215 3182 eciam,

118 3189 277 3261 fratrem
295 3205 419 3285 suum⁷
444 3188 680 3286 prepositum
698 3187 870 3282 instituit
897 3189 1023 3260 locum
1043 3185 1113 3260 sibi
1130 3211 1217 3262 con·

118 3299 253 3364 ventus
272 3287 310 3361 in
329 3288 492 3362 Derbete
510 3289 757 3386 preordinans
777 3298 816 3362 et
834 3288 942 3360 villas
961 3286 1092 3385 viginti
1111 3298 1216 3385 quat-

117 3400 206 3462 tuor
240 3399 278 3463 et
311 3389 454 3464 reditus
491 3399 529 3462 et
566 3412 679 3486 agros
715 3387 956 3460 sufficienler·
985 3387 1214 3482 adscribens,

17 3501 18 3560 J
119 3489 323 3563 canonicos
340 3491 538 3590 regulares
556 3486 794 3563 ibidem'fieri
813 3486 1008 3584 disposuit,
1036 3495 1074 3560 et
1091 3488 1215 3563 cathe-

17 3593 22 3686 j'
117 3591 264 3664 dralem
281 3590 485 3665 ecclesiam
502 3614 611 3664 suam
629 3588 733 3662 illam
754 3611 838 3662 esse
856 3586 1031 3661 decrevit.
1228 3588 1252 3608 “’

193 3691 342 3765 Fratres
370 3703 499 3766 autem
525 3690 658 3764 militie
676 3688 847 3764 abierunt
871 3688 908 3760 in
935 3687 1150 3783 Saclralam,
1178 3699 1214 3762 et
1225 3701 1275 3788 (9.)

17 3771 18 3856 ἶ
117 3792 471 3869 castrumviliende
489 3791 738 3891 possidentes,
765 3787 981 3864 firmissime
1002 3789 1092 3862 illud
1112 3786 1214 3861 edili-

17 3933 20 4002 ÷>
117 3917 205 3969 care
230 3905 421 3991 ceperunt.
472 3894 519 3967 Et
545 3893 759 3967 sacerdotes
777 3890 815 3964 in
842 3888 1013 3965 ecclesiis
1031 3890 1214 3986 locantes7

84 4005 87 4011 '
117 3993 259 4068 reditus
275 3993 329 4066 eis
343 4004 422 4066 tam
439 3994 478 4067 in
505 4018 654 4067 annona
672 4017 786 4090 quam
804 3991 842 4064 in
861 3991 961 4090 agris
980 3989 1213 4070 sufficientes

17 4101 18 4104 ’
119 4094 379 4192 adsignabant⁷
407 4105 445 4167 et
462 4095 648 4170 decimam
677 4096 722 4166 ab
742 4091 945 4166 Estonibus
972 4091 1213 4190 recipiebant.

17 4213 18 4260 ς
117 4194 276 4292 lnsuper
308 4206 345 4267 et
376 4194 652 4269 satisfactiones
688 4197 820 4292 plenas
856 4220 924 4293 pro
961 4192 1107 4267 cunctis
1143 4192 1214 4266 sibi

965 4295 1010 4368 15
