3016 5016
267 515 478 590 uuiumci
506 501 784 589 cunomc'ou
810 497 1061 591 urion-mu.
1161 523 1208 594 u
1247 518 1251 524 ·
1323 551 1325 556 ψ

0 720 1 725 ’
110 717 152 789 in
178 715 258 790 Deo
279 715 524 810 confidentes,
553 715 709 791 elevatis
733 716 881 790 vexillis
909 718 1033 792 subito
1062 719 1210 794 irruunt

110 820 152 889 in
180 816 311 916 ipsoS,
342 826 380 890 et
403 815 672 891 interficientes
701 817 774 891 hac
802 828 839 892 et
863 819 952 898 illac
975 819 1209 896 invalescere

110 918 256 993 bellum
276 942 322 991 ex
340 926 499 1015 utraque
516 927 625 1016 parte
643 916 796 1014 faciunt,
825 929 863 992 et
880 918 1083 1018 LethoneS,
1102 922 1210 1020 quasi

60 1034 66 1038 ’
110 1018 325 1093 velociores
345 1027 383 1093 et
400 1017 630 1093 crudeliores
649 1017 734 1092 aliis
753 1018 940 1117 gentibus,
969 1021 1032 1118 qui
1059 1046 1101 1096 se
1118 1022 1210 1121 vigi·

110 1120 195 1193 lare
222 1117 532 1216 ad'preliandum
556 1119 808 1218 predixerant,
836 1118 898 1192 diu
923 1130 962 1194 et
986 1121 1136 1195 fortiter
1152 1147 1210 1196 re·
1292 1179 1295 1183 -

6 1265 8 1270 ,
111 1229 329 1318 pugnantes
346 1219 499 1293 tandem
524 1219 637 1293 dorsa
662 1221 876 1315 ostendunt,
904 1221 1063 1295 et'sicut
1086 1222 1209 1321 agiles

3 1340 7 1341 ’
113 1321 162 1394 ad
189 1320 343 1415 bellum,
370 1319 424 1400 sic
450 1320 602 1394 veloces
629 1320 844 1394 efficiuntur
871 1319 1084 1420 adingam,
1111 1323 1210 1397 unde

114 1419 180 1494 alii
207 1421 253 1494 ad
277 1420 403 1516 silvaS,
431 1419 495 1494 alii
521 1415 715 1520 perviam
742 1419 945 1520 fugienteS,
975 1422 1145 1521 captivos
1173 1434 1211 1499 et

0 1548 2 1551 ’
113 1521 238 1621 spolia
267 1520 540 1620 derelinquunt.
585 1521 689 1609 Quos
715 1532 988 1620 persequentes
1016 1523 1209 1598 christiani

111 1647 184 1722 per
196 1632 318 1694 totum
336 1621 436 1696 diem
455 1622 595 1695 multos
614 1622 792 1696 occidunt
809 1647 854 1697 ex
869 1622 937 1720 eiS,
956 1633 995 1698 et
1012 1623 1127 1700 ceteri
1140 1650 1211 1724 per

0 1788 1 1793 ,
111 1723 247 1822 fugam
275 1732 485 1796 evaserunt.
522 1722 613 1795 Post
630 1723 700 1797 hec
727 1723 869 1822 reversi
894 1725 941 1797 ad
967 1725 1101 1824 spolia,
1129 1751 1210 1799 mu·

1 1902 2 1907 ,
112 1823 228 1898 lieres
247 1832 286 1898 et
301 1824 481 1921 parvulos
499 1823 768 1922 neophitorum
791 1849 878 1924 cum
903 1825 1078 1899 omnihus
1097 1825 1211 1926 capti-

1 1945 3 2019 ,
112 1924 172 1998 vis
204 1949 225 1997 a
255 1923 415 1998 vinculis
447 1923 663 2022 absolvunt,
704 1934 741 1998 et
770 1925 1038 2002 convenientes
1077 1949 1209 2002 omnes

112 2024 284 2125 neophiti
314 2035 394 2096 tam
419 2023 592 2121 Lyvones
617 2048 731 2122 quam
756 2024 882 2098 Letthi
908 2049 994 2099 cum
1022 2027 1211 2102 Theutho·

105 2126 222 2224 uicis,
246 2125 292 2200 de
312 2149 381 2199 ove
399 2124 544 2224 perdita
564 2135 602 2199 et
619 2125 771 2198 inventa
789 2123 868 2199 sive
886 2126 933 2200 de
952 2127 1083 2200 ovibus
1095 2127 1210 2227 lupo·

112 2252 200 2302 rum
225 2225 395 2299 faucibus
423 2225 562 2324 ereptis
581 2223 661 2299 Deo
681 2225 824 2324 gratias
851 2227 1032 2324 referunt,
1060 2237 1099 2302 et
1122 2227 1212 2303 divi·

72 2417 77 2420 Ι
113 2329 247 2401 dentes
278 2325 401 2425 spolia
426 2325 600 2425 ¹captivos
632 2335 765 2400 omnes
796 2326 929 2400 amicis
960 2327 1038 2400 suis
1071 2327 1210 2403 liberos

1 2438 3 2517 l
112 2429 322 2503 remittunt.
840 2425 842 2428 ’

1 2528 2 2551 ³
190 2528 394 2625 Postquam
404 2525 588 2599 Dominus
600 2523 801 2601 ecclesiam
812 2549 920 2598 suam
936 2550 1209 2626 apaganorum
1220 2547 1272 2633 (6,)

1 2609 3 2658 i
112 2628 401 2728 impugnatione
426 2626 610 2722 liberavit,
641 2627 779 2700 timens
807 2624 1022 2726 episcopuS,
1048 2653 1096 2702 ne
1122 2639 1210 2728 post

0 2779 1 2782 =
112 2730 258 2806 exitum
276 2752 386 2801 suurn
405 2726 541 2801 similia
567 2726 750 2801 facientes
768 2726 975 2822 Lyvoniarn
994 2728 1131 2826 ubique
1150 2730 1212 2804 de-

1 2819 3 2906 l
110 2840 275 2927 vastent,
294 2839 461 2902 castrum
475 2827 708 2925 Selonumll,
728 2827 826 2925 quod
847 2838 929 2903 erat
946 2829 1002 2903 eis
1017 2829 1211 2929 egredien-

111 2931 215 3004 tibus
243 2941 281 3004 et
303 2928 602 3028 ingredientibus
629 2928 666 3001 in
689 2927 881 3028 refugium
907 2929 1211 3032 omnitempore,

1 3086 2 3128 3
114 3033 310 3106 destruere
329 3029 532 3129 cogitabat,
545 3025 735 3123 ,et'missis
749 3029 896 3120 nunciis
914 3053 984 3129 per
997 3031 1213 3109 universam

112 3131 323 3229 Lyvoniam
341 3141 379 3205 et
395 3129 691 3228 Letthigalliam,
718 3129 781 3225 qui
800 3153 842 3204 se
860 3129 948 3204 fidei
966 3129 1042 3204 iam
1061 3133 1213 3207 coniun-

1 3251 2 3320 3
113 3243 250 3307 xerunt
268 3230 483 3326 christiane,
511 3240 696 3304 convocat
714 3247 846 3304 omnes
866 3230 904 3303 in
923 3231 1211 3331 expeditionem.

1 3382 2 3412 t
114 3333 164 3405 Et
190 3333 349 3406 collecto
378 3329 544 3406 exercitu
568 3355 721 3430 magno,
749 3331 864 3404 mittit
882 3331 1083 3432 episcopus
1102 3335 1214 3408 ahba-

90 3445 194 3530 ¹tem
218 3431 492 3508 Theodericum
521 3440 558 3506 et
576 3431 845 3531 Eggelhertum
871 3434 1107 3532 prepositum
1126 3459 1212 3508 cum

115 3533 218 3608 omni
237 3533 380 3606 familia
399 3557 468 3606 sua
486 3543 524 3606 et
540 3531 764 3631 peregrinis,
792 3532 978 3606 adiunctis
1003 3533 1116 3606 simul
1139 3535 1214 3608 tra·

26 3695 30 3700 .
108 3635 234 3709 tribus
254 3631 394 3709 milicie
413 3633 565 3731 Christi,
584 3633 630 3706 ad
650 3633 940 3733 expugnandum
959 3632 1128 3709 Solones.
1166 3634 1214 3707 Et

1 3759 3 3784 t
115 3738 222 3810 ibant
237 3759 369 3810 versus
388 3734 543 3830 Ascrad,
570 3743 609 3807 et
625 3743 866 3808 transeuntes
885 3732 1032 3807 Dunam
1052 3757 1212 3833 corpora

115 3836 329 3912 Lethonum
350 3833 688 3910 antea'occisorum
703 3834 899 3909 inhumata
918 3834 1121 3934 reperiunt,
1140 3859 1214 3934 que

1 3961 2 4037 ᾗ
117 3938 385 4012 nmrculcantes
416 3960 485 4032 per
513 3934 615 4008 viam
646 3945 684 4009 et
713 3931 897 4022 ordinate
916 3935 1133 4011 incedentes
1166 3935 1213 4009 ad

1 4052 3 4074 t
168 4048 286 4112 strum
299 4036 482 4112 Selouum
492 4034 728 4134 perveniunt.
759 4034 806 4108 Et
821 4032 1035 4112 obsidentes
1046 4046 1213 4111 castrum

183 4237 301 4307 Selburg
321 4239 354 4290 ad
372 4235 482 4290 Duram
501 4212 540 4301 lli,
560 4254 574 4290 a
593 4235 784 4291 Kolenhuseu
803 4237 836 4290 ad
856 4229 997 4316 orientem.

952 4339 1000 4411 5',
