<?xml version="1.0" encoding="UTF-8"?>
<!DOCTYPE html PUBLIC "-//W3C//DTD XHTML 1.0 Transitional//EN"
    "http://www.w3.org/TR/xhtml1/DTD/xhtml1-transitional.dtd">
<html xmlns="http://www.w3.org/1999/xhtml" xml:lang="en" lang="en">
 <head>
  <title>
</title>
<meta http-equiv="Content-Type" content="text/html;charset=utf-8" />
  <meta name='ocr-system' content='tesseract 3.04.00' />
  <meta name='ocr-capabilities' content='ocr_page ocr_carea ocr_par ocr_line ocrx_word'/>
</head>
<body>
  <div class='ocr_page' id='page_1' title='image "./heinricichronic00arndgoog_0148.png"; bbox 0 0 3104 5012; ppageno 0'>
   <div class='ocr_carea' id='block_1_1' title="bbox 308 476 1247 557">
    <p class='ocr_par' dir='ltr' id='par_1_1' title="bbox 308 476 1247 557">
     <span class='ocr_line' id='line_1_1' title="bbox 308 476 1247 557; baseline -0.007 0"><span class='ocrx_word' id='word_1_1' title='bbox 308 484 379 557; x_wconf 80' lang='lat'>120</span> <span class='ocrx_word' id='word_1_2' title='bbox 451 479 663 552; x_wconf 83' lang='lat' dir='ltr'>HEINRlCl</span> <span class='ocrx_word' id='word_1_3' title='bbox 691 476 969 552; x_wconf 85' lang='lat' dir='ltr'><strong>CHRONICON</strong></span> <span class='ocrx_word' id='word_1_4' title='bbox 995 477 1247 551; x_wconf 76' lang='lat' dir='ltr'><strong>LYVONiAE.</strong></span> 
     </span>
    </p>
   </div>
   <div class='ocr_carea' id='block_1_2' title="bbox 302 663 1539 1194">
    <p class='ocr_par' dir='ltr' id='par_1_2' title="bbox 302 663 1539 1180">
     <span class='ocr_line' id='line_1_2' title="bbox 304 663 1539 792; baseline -0.005 -37"><span class='ocrx_word' id='word_1_5' title='bbox 304 690 544 755; x_wconf 89' lang='lat' dir='ltr'>transeuntes</span> <span class='ocrx_word' id='word_1_6' title='bbox 568 679 729 752; x_wconf 89' lang='lat' dir='ltr'>Matrem</span> <span class='ocrx_word' id='word_1_7' title='bbox 756 702 938 792; x_wconf 90' lang='lat' dir='ltr'>aquarum</span> <span class='ocrx_word' id='word_1_8' title='bbox 964 688 1002 752; x_wconf 90' lang='lat' dir='ltr'>et</span> <span class='ocrx_word' id='word_1_9' title='bbox 1021 702 1140 775; x_wconf 89' lang='lat' dir='ltr'>usque</span> <span class='ocrx_word' id='word_1_10' title='bbox 1159 678 1205 751; x_wconf 92' lang='lat' dir='ltr'>ad</span> <span class='ocrx_word' id='word_1_11' title='bbox 1223 677 1402 775; x_wconf 84' lang='lat' dir='ltr'>Waigam</span> <span class='ocrx_word' id='word_1_12' title='bbox 1524 663 1539 742; x_wconf 42' lang='grc' dir='ltr'>ἶ</span> 
     </span>
     <span class='ocr_line' id='line_1_3' title="bbox 304 777 1539 880; baseline -0.005 -25"><span class='ocrx_word' id='word_1_13' title='bbox 304 790 566 880; x_wconf 87' lang='lat' dir='ltr'>pervenerunt</span> <span class='ocrx_word' id='word_1_14' title='bbox 595 790 633 852; x_wconf 84' lang='lat' dir='ltr'>et</span> <span class='ocrx_word' id='word_1_15' title='bbox 655 803 729 852; x_wconf 91' lang='lat' dir='ltr'>non</span> <span class='ocrx_word' id='word_1_16' title='bbox 753 779 879 851; x_wconf 91' lang='lat' dir='ltr'>minus</span> <span class='ocrx_word' id='word_1_17' title='bbox 904 787 1045 852; x_wconf 89' lang='lat' dir='ltr'>terram</span> <span class='ocrx_word' id='word_1_18' title='bbox 1070 779 1187 875; x_wconf 82' lang='lat' dir='ltr'>illam,</span> <span class='ocrx_word' id='word_1_19' title='bbox 1216 803 1289 873; x_wconf 90' lang='lat' dir='ltr'>que</span> <span class='ocrx_word' id='word_1_20' title='bbox 1317 787 1404 851; x_wconf 86' lang='lat' dir='ltr'>erat</span> <span class='ocrx_word' id='word_1_21' title='bbox 1532 777 1539 864; x_wconf 65' lang='lat' dir='ltr'>j</span> 
     </span>
     <span class='ocr_line' id='line_1_4' title="bbox 304 878 1539 991; baseline -0.006 -37"><span class='ocrx_word' id='word_1_22' title='bbox 304 891 408 954; x_wconf 91' lang='lat' dir='ltr'>trans</span> <span class='ocrx_word' id='word_1_23' title='bbox 434 880 588 972; x_wconf 79' lang='lat' dir='ltr'>flumen,</span> <span class='ocrx_word' id='word_1_24' title='bbox 616 879 863 991; x_wconf 83' lang='lat' dir='ltr'>depredantes</span> <span class='ocrx_word' id='word_1_25' title='bbox 889 890 928 952; x_wconf 89' lang='lat' dir='ltr'>et</span> <span class='ocrx_word' id='word_1_26' title='bbox 944 878 1053 952; x_wconf 89' lang='lat' dir='ltr'>villas</span> <span class='ocrx_word' id='word_1_27' title='bbox 1077 879 1334 973; x_wconf 75' lang='lat' dir='ltr'>incendenteS,</span> <span class='ocrx_word' id='word_1_28' title='bbox 1361 887 1401 952; x_wconf 87' lang='lat' dir='ltr'>et</span> <span class='ocrx_word' id='word_1_29' title='bbox 1537 891 1539 976; x_wconf 59' lang='lat' dir='ltr'><em>g</em></span> 
     </span>
     <span class='ocr_line' id='line_1_5' title="bbox 302 977 1539 1093; baseline -0.001 -38"><span class='ocrx_word' id='word_1_30' title='bbox 302 981 402 1055; x_wconf 85' lang='lat' dir='ltr'>viros</span> <span class='ocrx_word' id='word_1_31' title='bbox 430 979 712 1093; x_wconf 67' lang='lat' dir='ltr'>interficientes⁷</span> <span class='ocrx_word' id='word_1_32' title='bbox 740 977 919 1053; x_wconf 87' lang='lat' dir='ltr'>mulieres</span> <span class='ocrx_word' id='word_1_33' title='bbox 946 989 983 1052; x_wconf 89' lang='lat' dir='ltr'>et</span> <span class='ocrx_word' id='word_1_34' title='bbox 1001 980 1179 1077; x_wconf 89' lang='lat' dir='ltr'>parvulos</span> <span class='ocrx_word' id='word_1_35' title='bbox 1204 989 1401 1076; x_wconf 74' lang='lat' dir='ltr'>ceperunt,</span> <span class='ocrx_word' id='word_1_36' title='bbox 1537 977 1539 1054; x_wconf 74' lang='lat' dir='ltr'><strong>i</strong></span> 
     </span>
     <span class='ocr_line' id='line_1_6' title="bbox 304 1077 1400 1194; baseline -0.004 -40"><span class='ocrx_word' id='word_1_37' title='bbox 304 1093 342 1155; x_wconf 86' lang='lat' dir='ltr'>et</span> <span class='ocrx_word' id='word_1_38' title='bbox 364 1080 528 1194; x_wconf 82' lang='lat' dir='ltr'>peractis</span> <span class='ocrx_word' id='word_1_39' title='bbox 552 1077 724 1153; x_wconf 81' lang='lat' dir='ltr'>omnibus</span> <span class='ocrx_word' id='word_1_40' title='bbox 749 1078 872 1174; x_wconf 79' lang='lat' dir='ltr'>malis,</span> <span class='ocrx_word' id='word_1_41' title='bbox 905 1103 977 1175; x_wconf 88' lang='lat' dir='ltr'>que</span> <span class='ocrx_word' id='word_1_42' title='bbox 1004 1089 1219 1177; x_wconf 85' lang='lat' dir='ltr'>potuerunt</span> <span class='ocrx_word' id='word_1_43' title='bbox 1254 1077 1400 1152; x_wconf 86' lang='lat' dir='ltr'>reversi</span> 
     </span>
    </p>
   </div>
   <div class='ocr_carea' id='block_1_3' title="bbox 244 1134 1446 4108">
    <p class='ocr_par' dir='ltr' id='par_1_3' title="bbox 302 1134 1446 2855">
     <span class='ocr_line' id='line_1_7' title="bbox 304 1134 1400 1292; baseline -0.004 -38"><span class='ocrx_word' id='word_1_44' title='bbox 304 1192 392 1255; x_wconf 90' lang='lat' dir='ltr'>sunt</span> <span class='ocrx_word' id='word_1_45' title='bbox 421 1181 458 1253; x_wconf 95' lang='lat' dir='ltr'>in</span> <span class='ocrx_word' id='word_1_46' title='bbox 484 1179 704 1292; x_wconf 85' lang='lat' dir='ltr'>Lyvoniam.</span> <span class='ocrx_word' id='word_1_47' title='bbox 756 1179 804 1250; x_wconf 86' lang='lat' dir='ltr'>Et</span> <span class='ocrx_word' id='word_1_48' title='bbox 830 1177 1097 1252; x_wconf 90' lang='lat' dir='ltr'>ordinaverunt</span> <span class='ocrx_word' id='word_1_49' title='bbox 1119 1134 1258 1253; x_wconf 84' lang='lat' dir='ltr'>iterrim</span> <span class='ocrx_word' id='word_1_50' title='bbox 1287 1177 1400 1274; x_wconf 82' lang='lat' dir='ltr'>alios⁷</span> 
     </span>
     <span class='ocr_line' id='line_1_8' title="bbox 304 1270 1400 1379; baseline -0.005 -25"><span class='ocrx_word' id='word_1_51' title='bbox 304 1270 366 1379; x_wconf 81' lang='lat' dir='ltr'>qui</span> <span class='ocrx_word' id='word_1_52' title='bbox 398 1281 563 1355; x_wconf 85' lang='lat' dir='ltr'>redirent</span> <span class='ocrx_word' id='word_1_53' title='bbox 593 1280 722 1353; x_wconf 86' lang='lat' dir='ltr'>statim</span> <span class='ocrx_word' id='word_1_54' title='bbox 753 1281 791 1350; x_wconf 92' lang='lat' dir='ltr'>in</span> <span class='ocrx_word' id='word_1_55' title='bbox 821 1279 1032 1376; x_wconf 85' lang='lat' dir='ltr'>Ugauniam</span> <span class='ocrx_word' id='word_1_56' title='bbox 1060 1289 1098 1353; x_wconf 86' lang='lat' dir='ltr'>et</span> <span class='ocrx_word' id='word_1_57' title='bbox 1126 1279 1264 1352; x_wconf 87' lang='lat' dir='ltr'><strong>similia</strong></span> <span class='ocrx_word' id='word_1_58' title='bbox 1295 1279 1400 1351; x_wconf 89' lang='lat' dir='ltr'>mala</span> 
     </span>
     <span class='ocr_line' id='line_1_9' title="bbox 302 1377 1400 1476; baseline -0.005 -22"><span class='ocrx_word' id='word_1_59' title='bbox 302 1383 484 1456; x_wconf 85' lang='lat' dir='ltr'>inferrent</span> <span class='ocrx_word' id='word_1_60' title='bbox 510 1380 626 1476; x_wconf 77' lang='lat' dir='ltr'>eis,e</span> <span class='ocrx_word' id='word_1_61' title='bbox 605 1391 643 1453; x_wconf 96' lang='lat' dir='ltr'>t</span> <span class='ocrx_word' id='word_1_62' title='bbox 667 1379 909 1453; x_wconf 86' lang='lat' dir='ltr'>redeuntibus</span> <span class='ocrx_word' id='word_1_63' title='bbox 937 1379 1011 1450; x_wconf 93' lang='lat' dir='ltr'>illis</span> <span class='ocrx_word' id='word_1_64' title='bbox 1037 1379 1174 1453; x_wconf 90' lang='lat' dir='ltr'>iterum</span> <span class='ocrx_word' id='word_1_65' title='bbox 1199 1378 1263 1451; x_wconf 84' lang='lat' dir='ltr'>alii</span> <span class='ocrx_word' id='word_1_66' title='bbox 1290 1377 1400 1450; x_wconf 89' lang='lat' dir='ltr'>missi</span> 
     </span>
     <span class='ocr_line' id='line_1_10' title="bbox 304 1479 1401 1592; baseline -0.004 -38"><span class='ocrx_word' id='word_1_67' title='bbox 304 1492 401 1574; x_wconf 78' lang='lat' dir='ltr'>sunt,</span> <span class='ocrx_word' id='word_1_68' title='bbox 429 1492 466 1554; x_wconf 89' lang='lat' dir='ltr'>et</span> <span class='ocrx_word' id='word_1_69' title='bbox 492 1504 567 1552; x_wconf 93' lang='lat' dir='ltr'>non</span> <span class='ocrx_word' id='word_1_70' title='bbox 595 1489 838 1552; x_wconf 85' lang='lat' dir='ltr'>cessaverunt</span> <span class='ocrx_word' id='word_1_71' title='bbox 863 1479 961 1552; x_wconf 89' lang='lat' dir='ltr'>Letti</span> <span class='ocrx_word' id='word_1_72' title='bbox 989 1504 1111 1575; x_wconf 91' lang='lat' dir='ltr'>neque</span> <span class='ocrx_word' id='word_1_73' title='bbox 1133 1479 1332 1592; x_wconf 85' lang='lat' dir='ltr'>requiem</span> <span class='ocrx_word' id='word_1_74' title='bbox 1335 1479 1401 1550; x_wconf 89' lang='lat' dir='ltr'>da·</span> 
     </span>
     <span class='ocr_line' id='line_1_11' title="bbox 302 1577 1398 1678; baseline -0.003 -25"><span class='ocrx_word' id='word_1_75' title='bbox 302 1585 392 1654; x_wconf 90' lang='lat' dir='ltr'>bant</span> <span class='ocrx_word' id='word_1_76' title='bbox 416 1578 652 1652; x_wconf 84' lang='lat' dir='ltr'>Estonibus</span> <span class='ocrx_word' id='word_1_77' title='bbox 642 1604 680 1651; x_wconf 93' lang='grc' dir='ltr'>ιιι</span> <span class='ocrx_word' id='word_1_78' title='bbox 704 1579 886 1677; x_wconf 84' lang='lat' dir='ltr'>Ugaunia.</span> <span class='ocrx_word' id='word_1_79' title='bbox 936 1578 1010 1653; x_wconf 87' lang='lat' dir='ltr'>Sed</span> <span class='ocrx_word' id='word_1_80' title='bbox 1036 1604 1106 1652; x_wconf 93' lang='lat' dir='ltr'>nec</span> <span class='ocrx_word' id='word_1_81' title='bbox 1129 1577 1202 1678; x_wconf 89' lang='lat' dir='ltr'>ipsi</span> <span class='ocrx_word' id='word_1_82' title='bbox 1226 1578 1398 1674; x_wconf 87' lang='lat' dir='ltr'>requiem</span> 
     </span>
     <span class='ocr_line' id='line_1_12' title="bbox 302 1678 1400 1775; baseline -0.002 -23"><span class='ocrx_word' id='word_1_83' title='bbox 302 1682 508 1775; x_wconf 85' lang='lat' dir='ltr'>habebant</span> <span class='ocrx_word' id='word_1_84' title='bbox 542 1680 661 1753; x_wconf 88' lang='lat' dir='ltr'>donec</span> <span class='ocrx_word' id='word_1_85' title='bbox 692 1678 826 1752; x_wconf 91' lang='lat' dir='ltr'>eadem</span> <span class='ocrx_word' id='word_1_86' title='bbox 852 1689 972 1752; x_wconf 86' lang='lat' dir='ltr'>estate</span> <span class='ocrx_word' id='word_1_87' title='bbox 1002 1703 1139 1753; x_wconf 87' lang='lat' dir='ltr'>novem</span> <span class='ocrx_word' id='word_1_88' title='bbox 1171 1678 1400 1754; x_wconf 85' lang='lat' dir='ltr'>exercitibus</span> 
     </span>
     <span class='ocr_line' id='line_1_13' title="bbox 302 1779 1397 1893; baseline -0.003 -39"><span class='ocrx_word' id='word_1_89' title='bbox 302 1793 443 1856; x_wconf 90' lang='lat' dir='ltr'>terram</span> <span class='ocrx_word' id='word_1_90' title='bbox 473 1781 595 1893; x_wconf 88' lang='lat' dir='ltr'>ipsam</span> <span class='ocrx_word' id='word_1_91' title='bbox 627 1780 866 1853; x_wconf 83' lang='lat' dir='ltr'>devastantes</span> <span class='ocrx_word' id='word_1_92' title='bbox 898 1779 1108 1852; x_wconf 79' lang='lat' dir='ltr'>desolatam</span> <span class='ocrx_word' id='word_1_93' title='bbox 1135 1804 1179 1853; x_wconf 90' lang='lat' dir='ltr'>ac</span> <span class='ocrx_word' id='word_1_94' title='bbox 1206 1781 1397 1852; x_wconf 87' lang='lat' dir='ltr'>desertam</span> 
     </span>
     <span class='ocr_line' id='line_1_14' title="bbox 303 1875 1399 1981; baseline -0.006 -25"><span class='ocrx_word' id='word_1_95' title='bbox 303 1892 499 1981; x_wconf 87' lang='lat' dir='ltr'>ponerent</span> <span class='ocrx_word' id='word_1_96' title='bbox 518 1891 559 1953; x_wconf 90' lang='lat' dir='ltr'>ut</span> <span class='ocrx_word' id='word_1_97' title='bbox 576 1879 652 1953; x_wconf 91' lang='lat' dir='ltr'>iam</span> <span class='ocrx_word' id='word_1_98' title='bbox 670 1904 740 1953; x_wconf 94' lang='lat' dir='ltr'>nec</span> <span class='ocrx_word' id='word_1_99' title='bbox 756 1879 929 1952; x_wconf 89' lang='lat' dir='ltr'>homines</span> <span class='ocrx_word' id='word_1_100' title='bbox 944 1904 1013 1952; x_wconf 91' lang='lat' dir='ltr'>nec</span> <span class='ocrx_word' id='word_1_101' title='bbox 1028 1875 1195 1952; x_wconf 90' lang='lat' dir='ltr'>cibaria</span> <span class='ocrx_word' id='word_1_102' title='bbox 1185 1878 1399 1953; x_wconf 81' lang='lat' dir='ltr'>inveniren-</span> 
     </span>
     <span class='ocr_line' id='line_1_15' title="bbox 302 1979 1399 2092; baseline -0.003 -37"><span class='ocrx_word' id='word_1_103' title='bbox 302 1994 373 2055; x_wconf 87' lang='lat' dir='ltr'>tur</span> <span class='ocrx_word' id='word_1_104' title='bbox 419 1979 645 2079; x_wconf 81' lang='lat' dir='ltr'>Cogitabant</span> <span class='ocrx_word' id='word_1_105' title='bbox 663 1979 764 2053; x_wconf 88' lang='lat' dir='ltr'>enim</span> <span class='ocrx_word' id='word_1_106' title='bbox 783 2003 848 2054; x_wconf 92' lang='lat' dir='ltr'>eos</span> <span class='ocrx_word' id='word_1_107' title='bbox 867 1989 945 2052; x_wconf 91' lang='lat' dir='ltr'>tam</span> <span class='ocrx_word' id='word_1_108' title='bbox 964 1979 1026 2052; x_wconf 92' lang='lat' dir='ltr'>diu</span> <span class='ocrx_word' id='word_1_109' title='bbox 1047 1980 1248 2092; x_wconf 50' lang='lat' dir='ltr'>debellare</span> <span class='ocrx_word' id='word_1_110' title='bbox 1276 1981 1399 2052; x_wconf 88' lang='lat' dir='ltr'>donec</span> 
     </span>
     <span class='ocr_line' id='line_1_16' title="bbox 303 2078 1446 2192; baseline -0.002 -38"><span class='ocrx_word' id='word_1_111' title='bbox 303 2093 368 2154; x_wconf 91' lang='lat' dir='ltr'>aut</span> <span class='ocrx_word' id='word_1_112' title='bbox 385 2105 454 2179; x_wconf 94' lang='lat' dir='ltr'>pro</span> <span class='ocrx_word' id='word_1_113' title='bbox 470 2105 566 2192; x_wconf 88' lang='lat' dir='ltr'>pace</span> <span class='ocrx_word' id='word_1_114' title='bbox 585 2091 623 2152; x_wconf 90' lang='lat' dir='ltr'>et</span> <span class='ocrx_word' id='word_1_115' title='bbox 640 2079 826 2191; x_wconf 88' lang='lat' dir='ltr'>baptismo</span> <span class='ocrx_word' id='word_1_116' title='bbox 846 2079 1017 2154; x_wconf 86' lang='lat' dir='ltr'>venirent</span> <span class='ocrx_word' id='word_1_117' title='bbox 1035 2105 1098 2176; x_wconf 88' lang='lat' dir='ltr'>qur</span> <span class='ocrx_word' id='word_1_118' title='bbox 1089 2078 1256 2153; x_wconf 87' lang='lat' dir='ltr'>residui</span> <span class='ocrx_word' id='word_1_119' title='bbox 1276 2090 1397 2175; x_wconf 77' lang='lat' dir='ltr'>erant,</span> <span class='ocrx_word' id='word_1_120' title='bbox 1441 2126 1446 2134; x_wconf 82' lang='lat'><em>-</em></span> 
     </span>
     <span class='ocr_line' id='line_1_17' title="bbox 304 2178 1398 2277; baseline -0.003 -23"><span class='ocrx_word' id='word_1_121' title='bbox 304 2191 368 2254; x_wconf 86' lang='lat' dir='ltr'>aut</span> <span class='ocrx_word' id='word_1_122' title='bbox 394 2179 546 2252; x_wconf 91' lang='lat' dir='ltr'>omnino</span> <span class='ocrx_word' id='word_1_123' title='bbox 567 2203 633 2252; x_wconf 91' lang='lat' dir='ltr'>eos</span> <span class='ocrx_word' id='word_1_124' title='bbox 652 2178 860 2277; x_wconf 87' lang='lat' dir='ltr'>exstirpare</span> <span class='ocrx_word' id='word_1_125' title='bbox 879 2180 924 2253; x_wconf 91' lang='lat' dir='ltr'>de</span> <span class='ocrx_word' id='word_1_126' title='bbox 943 2189 999 2252; x_wconf 88' lang='lat' dir='ltr'>ter</span> <span class='ocrx_word' id='word_1_127' title='bbox 1002 2205 1054 2252; x_wconf 88' lang='lat' dir='ltr'>ra</span> <span class='ocrx_word' id='word_1_128' title='bbox 1099 2180 1147 2252; x_wconf 83' lang='lat' dir='ltr'>Et</span> <span class='ocrx_word' id='word_1_129' title='bbox 1163 2180 1305 2252; x_wconf 91' lang='lat' dir='ltr'>factum</span> <span class='ocrx_word' id='word_1_130' title='bbox 1326 2189 1398 2276; x_wconf 68' lang='lat' dir='ltr'>est7</span> 
     </span>
     <span class='ocr_line' id='line_1_18' title="bbox 304 2278 1399 2362; baseline 0 -10"><span class='ocrx_word' id='word_1_131' title='bbox 304 2291 345 2352; x_wconf 93' lang='lat' dir='ltr'>ut</span> <span class='ocrx_word' id='word_1_132' title='bbox 371 2280 447 2352; x_wconf 87' lang='lat' dir='ltr'>iam</span> <span class='ocrx_word' id='word_1_133' title='bbox 470 2279 537 2351; x_wconf 84' lang='lat' dir='ltr'>filii</span> <span class='ocrx_word' id='word_1_134' title='bbox 563 2278 770 2352; x_wconf 87' lang='lat' dir='ltr'>Thalibaldi</span> <span class='ocrx_word' id='word_1_135' title='bbox 795 2304 994 2353; x_wconf 90' lang='lat' dir='ltr'>numerum</span> <span class='ocrx_word' id='word_1_136' title='bbox 1014 2279 1272 2353; x_wconf 88' lang='lat' dir='ltr'>centenarium</span> <span class='ocrx_word' id='word_1_137' title='bbox 1290 2303 1399 2362; x_wconf 84' lang='lat' dir='ltr'>exce</span> 
     </span>
     <span class='ocr_line' id='line_1_19' title="bbox 303 2377 1445 2478; baseline -0.001 -26"><span class='ocrx_word' id='word_1_138' title='bbox 303 2383 434 2455; x_wconf 83' lang='lat' dir='ltr'>dorent</span> <span class='ocrx_word' id='word_1_139' title='bbox 435 2437 446 2478; x_wconf 74' lang='lat'>,</span> <span class='ocrx_word' id='word_1_140' title='bbox 419 2391 560 2477; x_wconf 89' lang='lat' dir='ltr'>tquos</span> <span class='ocrx_word' id='word_1_141' title='bbox 579 2379 617 2452; x_wconf 93' lang='lat' dir='ltr'>in</span> <span class='ocrx_word' id='word_1_142' title='bbox 635 2379 817 2453; x_wconf 84' lang='lat' dir='ltr'>ultionem</span> <span class='ocrx_word' id='word_1_143' title='bbox 836 2378 952 2476; x_wconf 89' lang='lat' dir='ltr'>patris</span> <span class='ocrx_word' id='word_1_144' title='bbox 972 2379 1029 2451; x_wconf 91' lang='lat' dir='ltr'>sui</span> <span class='ocrx_word' id='word_1_145' title='bbox 1049 2391 1114 2452; x_wconf 88' lang='lat' dir='ltr'>aut</span> <span class='ocrx_word' id='word_1_146' title='bbox 1128 2380 1235 2453; x_wconf 86' lang='lat' dir='ltr'>vivos</span> <span class='ocrx_word' id='word_1_147' title='bbox 1254 2403 1398 2452; x_wconf 89' lang='lat' dir='ltr'>crema·</span> <span class='ocrx_word' id='word_1_148' title='bbox 1439 2377 1445 2386; x_wconf 82' lang='grc'><strong>’</strong></span> 
     </span>
     <span class='ocr_line' id='line_1_20' title="bbox 303 2478 1399 2575; baseline -0.002 -21"><span class='ocrx_word' id='word_1_149' title='bbox 303 2490 436 2556; x_wconf 87' lang='lat' dir='ltr'>verant</span> <span class='ocrx_word' id='word_1_150' title='bbox 471 2489 537 2555; x_wconf 94' lang='lat' dir='ltr'>aut</span> <span class='ocrx_word' id='word_1_151' title='bbox 573 2478 657 2553; x_wconf 88' lang='lat' dir='ltr'>aliis</span> <span class='ocrx_word' id='word_1_152' title='bbox 690 2479 887 2552; x_wconf 90' lang='lat' dir='ltr'>tormentis</span> <span class='ocrx_word' id='word_1_153' title='bbox 926 2479 1085 2552; x_wconf 87' lang='lat' dir='ltr'>diversis</span> <span class='ocrx_word' id='word_1_154' title='bbox 1118 2479 1399 2575; x_wconf 79' lang='lat' dir='ltr'>interfecerant,</span> 
     </span>
     <span class='ocr_line' id='line_1_21' title="bbox 305 2578 1399 2679; baseline -0.003 -24"><span class='ocrx_word' id='word_1_155' title='bbox 305 2581 472 2679; x_wconf 85' lang='lat' dir='ltr'>exceptis</span> <span class='ocrx_word' id='word_1_156' title='bbox 506 2579 590 2653; x_wconf 91' lang='lat' dir='ltr'>aliis</span> <span class='ocrx_word' id='word_1_157' title='bbox 621 2579 975 2676; x_wconf 76' lang='lat' dir='ltr'>innumerabilibuS‚</span> <span class='ocrx_word' id='word_1_158' title='bbox 1012 2603 1107 2676; x_wconf 93' lang='lat' dir='ltr'>quos</span> <span class='ocrx_word' id='word_1_159' title='bbox 1140 2578 1399 2677; x_wconf 89' lang='lat' dir='ltr'>unusquisque</span> 
     </span>
     <span class='ocr_line' id='line_1_22' title="bbox 303 2679 1399 2775; baseline -0.002 -22"><span class='ocrx_word' id='word_1_160' title='bbox 303 2682 499 2755; x_wconf 86' lang='lat' dir='ltr'>lettorum</span> <span class='ocrx_word' id='word_1_161' title='bbox 518 2680 632 2752; x_wconf 92' lang='lat' dir='ltr'>simul</span> <span class='ocrx_word' id='word_1_162' title='bbox 650 2703 736 2753; x_wconf 90' lang='lat' dir='ltr'>cum</span> <span class='ocrx_word' id='word_1_163' title='bbox 755 2679 1024 2753; x_wconf 88' lang='lat' dir='ltr'>Theuthonicis</span> <span class='ocrx_word' id='word_1_164' title='bbox 1043 2691 1082 2753; x_wconf 92' lang='lat' dir='ltr'>et</span> <span class='ocrx_word' id='word_1_165' title='bbox 1104 2679 1354 2775; x_wconf 86' lang='lat' dir='ltr'>Lyvonibus</span> <span class='ocrx_word' id='word_1_166' title='bbox 1344 2705 1399 2752; x_wconf 89' lang='lat' dir='ltr'>m·</span> 
     </span>
     <span class='ocr_line' id='line_1_23' title="bbox 302 2782 540 2855; baseline -0.004 -2"><span class='ocrx_word' id='word_1_167' title='bbox 302 2782 540 2855; x_wconf 89' lang='lat' dir='ltr'>terfecerant</span> 
     </span>
    </p>

    <p class='ocr_par' dir='ltr' id='par_1_4' title="bbox 244 2861 1399 4077">
     <span class='ocr_line' id='line_1_24' title="bbox 244 2861 1399 2978; baseline -0.001 -24"><span class='ocrx_word' id='word_1_168' title='bbox 244 2892 293 2978; x_wconf 81' lang='lat'>(4)</span> <span class='ocrx_word' id='word_1_169' title='bbox 380 2880 513 2954; x_wconf 87' lang='lat' dir='ltr'>Vident</span> <span class='ocrx_word' id='word_1_170' title='bbox 498 2891 556 2952; x_wconf 87' lang='lat' dir='ltr'>tes</span> <span class='ocrx_word' id='word_1_171' title='bbox 576 2878 715 2975; x_wconf 70' lang='lat' dir='ltr'>itaque,</span> <span class='ocrx_word' id='word_1_172' title='bbox 743 2879 805 2976; x_wconf 92' lang='lat' dir='ltr'>qui</span> <span class='ocrx_word' id='word_1_173' title='bbox 825 2878 1047 2978; x_wconf 88' lang='lat' dir='ltr'>superstites</span> <span class='ocrx_word' id='word_1_174' title='bbox 1067 2880 1189 2951; x_wconf 92' lang='lat' dir='ltr'>adhuc</span> <span class='ocrx_word' id='word_1_175' title='bbox 1207 2861 1399 2953; x_wconf 86' lang='lat' dir='ltr'>remanse-</span> 
     </span>
     <span class='ocr_line' id='line_1_25' title="bbox 305 2978 1399 3077; baseline 0 -25"><span class='ocrx_word' id='word_1_176' title='bbox 305 2989 390 3052; x_wconf 88' lang='lat' dir='ltr'>rant</span> <span class='ocrx_word' id='word_1_177' title='bbox 407 2979 446 3050; x_wconf 93' lang='lat' dir='ltr'>in</span> <span class='ocrx_word' id='word_1_178' title='bbox 465 2978 648 3077; x_wconf 71' lang='lat' dir='ltr'>Ugaunia,</span> <span class='ocrx_word' id='word_1_179' title='bbox 675 2980 774 3075; x_wconf 94' lang='lat' dir='ltr'>quod</span> <span class='ocrx_word' id='word_1_180' title='bbox 802 3003 822 3049; x_wconf 89' lang='lat' dir='ltr'>a</span> <span class='ocrx_word' id='word_1_181' title='bbox 846 2982 973 3052; x_wconf 92' lang='lat' dir='ltr'>furore</span> <span class='ocrx_word' id='word_1_182' title='bbox 997 2978 1342 3074; x_wconf 86' lang='lat' dir='ltr'>Theuthonioorum</span> <span class='ocrx_word' id='word_1_183' title='bbox 1362 2991 1399 3054; x_wconf 89' lang='lat' dir='ltr'>et</span> 
     </span>
     <span class='ocr_line' id='line_1_26' title="bbox 303 3078 1398 3176; baseline 0.002 -26"><span class='ocrx_word' id='word_1_184' title='bbox 303 3080 500 3152; x_wconf 88' lang='lat' dir='ltr'>Lettorum</span> <span class='ocrx_word' id='word_1_185' title='bbox 518 3101 703 3174; x_wconf 90' lang='lat' dir='ltr'>nusquam</span> <span class='ocrx_word' id='word_1_186' title='bbox 722 3078 881 3152; x_wconf 89' lang='lat' dir='ltr'>evadere</span> <span class='ocrx_word' id='word_1_187' title='bbox 906 3089 1074 3176; x_wconf 74' lang='lat' dir='ltr'>possent,</span> <span class='ocrx_word' id='word_1_188' title='bbox 1102 3079 1288 3152; x_wconf 87' lang='lat' dir='ltr'>miserunt</span> <span class='ocrx_word' id='word_1_189' title='bbox 1306 3104 1398 3152; x_wconf 91' lang='lat' dir='ltr'>nun·</span> 
     </span>
     <span class='ocr_line' id='line_1_27' title="bbox 304 3177 1399 3276; baseline 0.001 -25"><span class='ocrx_word' id='word_1_190' title='bbox 304 3178 384 3252; x_wconf 89' lang='lat' dir='ltr'>cios</span> <span class='ocrx_word' id='word_1_191' title='bbox 415 3178 452 3249; x_wconf 92' lang='lat' dir='ltr'>in</span> <span class='ocrx_word' id='word_1_192' title='bbox 481 3177 633 3276; x_wconf 72' lang='lat' dir='ltr'>Rigam,</span> <span class='ocrx_word' id='word_1_193' title='bbox 674 3187 853 3276; x_wconf 84' lang='lat' dir='ltr'>rogantes</span> <span class='ocrx_word' id='word_1_194' title='bbox 884 3204 930 3252; x_wconf 90' lang='lat' dir='ltr'>ea</span> <span class='ocrx_word' id='word_1_195' title='bbox 961 3205 1033 3274; x_wconf 91' lang='lat' dir='ltr'>que</span> <span class='ocrx_word' id='word_1_196' title='bbox 1064 3179 1168 3276; x_wconf 89' lang='lat' dir='ltr'>pacis</span> <span class='ocrx_word' id='word_1_197' title='bbox 1198 3190 1297 3251; x_wconf 93' lang='lat' dir='ltr'>sunt.</span> <span class='ocrx_word' id='word_1_198' title='bbox 1351 3179 1399 3252; x_wconf 86' lang='lat' dir='ltr'>Et</span> 
     </span>
     <span class='ocr_line' id='line_1_28' title="bbox 304 3277 1399 3375; baseline 0.001 -26"><span class='ocrx_word' id='word_1_199' title='bbox 304 3277 523 3352; x_wconf 89' lang='lat' dir='ltr'>dictumest</span> <span class='ocrx_word' id='word_1_200' title='bbox 550 3277 617 3372; x_wconf 73' lang='lat' dir='ltr'>eis,</span> <span class='ocrx_word' id='word_1_201' title='bbox 643 3288 684 3351; x_wconf 89' lang='lat' dir='ltr'>ut</span> <span class='ocrx_word' id='word_1_202' title='bbox 708 3280 806 3350; x_wconf 91' lang='lat' dir='ltr'>bona</span> <span class='ocrx_word' id='word_1_203' title='bbox 829 3280 1018 3375; x_wconf 90' lang='lat' dir='ltr'>quondam</span> <span class='ocrx_word' id='word_1_204' title='bbox 1042 3279 1315 3352; x_wconf 89' lang='lat' dir='ltr'>mercatoribus</span> <span class='ocrx_word' id='word_1_205' title='bbox 1335 3283 1399 3351; x_wconf 90' lang='lat' dir='ltr'>ab·</span> 
     </span>
     <span class='ocr_line' id='line_1_29' title="bbox 303 3376 1398 3477; baseline 0.003 -28"><span class='ocrx_word' id='word_1_206' title='bbox 303 3378 380 3450; x_wconf 85' lang='lat' dir='ltr'>lata</span> <span class='ocrx_word' id='word_1_207' title='bbox 398 3376 687 3452; x_wconf 63' lang='lat' dir='ltr'>restituerentffl.</span> <span class='ocrx_word' id='word_1_208' title='bbox 733 3381 782 3450; x_wconf 82' lang='lat' dir='ltr'>At</span> <span class='ocrx_word' id='word_1_209' title='bbox 806 3377 858 3451; x_wconf 91' lang='lat' dir='ltr'>illi</span> <span class='ocrx_word' id='word_1_210' title='bbox 886 3389 1056 3477; x_wconf 87' lang='lat' dir='ltr'>raptores</span> <span class='ocrx_word' id='word_1_211' title='bbox 1084 3379 1252 3477; x_wconf 87' lang='lat' dir='ltr'>ipsorum</span> <span class='ocrx_word' id='word_1_212' title='bbox 1280 3381 1398 3452; x_wconf 80' lang='lat' dir='ltr'>bono-</span> 
     </span>
     <span class='ocr_line' id='line_1_30' title="bbox 303 3477 1397 3576; baseline 0.003 -27"><span class='ocrx_word' id='word_1_213' title='bbox 303 3502 386 3550; x_wconf 92' lang='lat' dir='ltr'>rum</span> <span class='ocrx_word' id='word_1_214' title='bbox 406 3503 427 3551; x_wconf 92' lang='lat' dir='ltr'>a</span> <span class='ocrx_word' id='word_1_215' title='bbox 444 3477 565 3552; x_wconf 91' lang='lat' dir='ltr'>Lettis</span> <span class='ocrx_word' id='word_1_216' title='bbox 591 3478 809 3552; x_wconf 89' lang='lat' dir='ltr'>interfectos</span> <span class='ocrx_word' id='word_1_217' title='bbox 837 3478 1003 3552; x_wconf 88' lang='lat' dir='ltr'>dicentes</span> <span class='ocrx_word' id='word_1_218' title='bbox 1029 3490 1066 3553; x_wconf 89' lang='lat' dir='ltr'>et</span> <span class='ocrx_word' id='word_1_219' title='bbox 1090 3503 1329 3576; x_wconf 89' lang='lat' dir='ltr'>nequaquam</span> <span class='ocrx_word' id='word_1_220' title='bbox 1354 3502 1397 3552; x_wconf 89' lang='lat' dir='ltr'>se</span> 
     </span>
     <span class='ocr_line' id='line_1_31' title="bbox 301 3577 1396 3676; baseline -0.002 -25"><span class='ocrx_word' id='word_1_221' title='bbox 301 3578 500 3653; x_wconf 88' lang='lat' dir='ltr'>restituere</span> <span class='ocrx_word' id='word_1_222' title='bbox 517 3602 632 3676; x_wconf 91' lang='lat' dir='ltr'>posse</span> <span class='ocrx_word' id='word_1_223' title='bbox 651 3577 898 3674; x_wconf 78' lang='lat' dir='ltr'>affirmantes,</span> <span class='ocrx_word' id='word_1_224' title='bbox 917 3579 1041 3651; x_wconf 90' lang='lat' dir='ltr'>causis</span> <span class='ocrx_word' id='word_1_225' title='bbox 1061 3581 1233 3652; x_wconf 89' lang='lat' dir='ltr'>omnibus</span> <span class='ocrx_word' id='word_1_226' title='bbox 1249 3579 1396 3676; x_wconf 80' lang='lat' dir='ltr'>sopitis,</span> 
     </span>
     <span class='ocr_line' id='line_1_32' title="bbox 302 3678 1396 3777; baseline 0.002 -28"><span class='ocrx_word' id='word_1_227' title='bbox 302 3680 392 3777; x_wconf 89' lang='lat' dir='ltr'>bapt</span> <span class='ocrx_word' id='word_1_228' title='bbox 377 3678 494 3752; x_wconf 86' lang='lat' dir='ltr'>tizare</span> <span class='ocrx_word' id='word_1_229' title='bbox 512 3701 553 3752; x_wconf 89' lang='lat' dir='ltr'>se</span> <span class='ocrx_word' id='word_1_230' title='bbox 577 3689 720 3776; x_wconf 91' lang='lat' dir='ltr'>petunt</span> <span class='ocrx_word' id='word_1_231' title='bbox 747 3689 788 3751; x_wconf 91' lang='lat' dir='ltr'>ut</span> <span class='ocrx_word' id='word_1_232' title='bbox 805 3703 934 3752; x_wconf 90' lang='lat' dir='ltr'>veram</span> <span class='ocrx_word' id='word_1_233' title='bbox 953 3704 1087 3777; x_wconf 89' lang='lat' dir='ltr'>pacem</span> <span class='ocrx_word' id='word_1_234' title='bbox 1111 3690 1148 3752; x_wconf 94' lang='lat' dir='ltr'>et</span> <span class='ocrx_word' id='word_1_235' title='bbox 1170 3690 1396 3777; x_wconf 89' lang='lat' dir='ltr'>perpetuam</span> 
     </span>
     <span class='ocr_line' id='line_1_33' title="bbox 302 3777 1396 3875; baseline 0.001 -26"><span class='ocrx_word' id='word_1_236' title='bbox 302 3777 645 3853; x_wconf 87' lang='lat' dir='ltr'>Theuthonicorum</span> <span class='ocrx_word' id='word_1_237' title='bbox 665 3790 777 3875; x_wconf 90' lang='lat' dir='ltr'>atque</span> <span class='ocrx_word' id='word_1_238' title='bbox 789 3778 985 3852; x_wconf 85' lang='lat' dir='ltr'>Lettorum</span> <span class='ocrx_word' id='word_1_239' title='bbox 1004 3780 1210 3852; x_wconf 85' lang='lat' dir='ltr'>fraternam</span> <span class='ocrx_word' id='word_1_240' title='bbox 1229 3779 1396 3852; x_wconf 88' lang='lat' dir='ltr'>dilectio-</span> 
     </span>
     <span class='ocr_line' id='line_1_34' title="bbox 303 3877 1397 3978; baseline 0.004 -28"><span class='ocrx_word' id='word_1_241' title='bbox 303 3902 390 3951; x_wconf 89' lang='lat' dir='ltr'>nem</span> <span class='ocrx_word' id='word_1_242' title='bbox 416 3887 705 3976; x_wconf 88' lang='lat' dir='ltr'>consequantur.</span> <span class='ocrx_word' id='word_1_243' title='bbox 755 3879 802 3950; x_wconf 86' lang='lat' dir='ltr'>Et</span> <span class='ocrx_word' id='word_1_244' title='bbox 819 3877 939 3978; x_wconf 83' lang='lat' dir='ltr'>gavisi</span> <span class='ocrx_word' id='word_1_245' title='bbox 966 3889 1053 3952; x_wconf 87' lang='lat' dir='ltr'>sunt</span> <span class='ocrx_word' id='word_1_246' title='bbox 1070 3878 1330 3976; x_wconf 77' lang='lat' dir='ltr'>Theuthonici,</span> <span class='ocrx_word' id='word_1_247' title='bbox 1357 3888 1397 3954; x_wconf 83' lang='lat' dir='ltr'>et</span> 
     </span>
     <span class='ocr_line' id='line_1_35' title="bbox 302 3977 1398 4108; baseline 0.002 -58"><span class='ocrx_word' id='word_1_248' title='bbox 302 3978 527 4052; x_wconf 86' lang='lat' dir='ltr'>confirmant</span> <span class='ocrx_word' id='word_1_249' title='bbox 512 3989 570 4053; x_wconf 86' lang='lat' dir='ltr'>tes</span> <span class='ocrx_word' id='word_1_250' title='bbox 596 4003 681 4052; x_wconf 90' lang='lat' dir='ltr'>cum</span> <span class='ocrx_word' id='word_1_251' title='bbox 708 3977 763 4052; x_wconf 90' lang='lat' dir='ltr'>eis</span> <span class='ocrx_word' id='word_1_252' title='bbox 787 4004 934 4077; x_wconf 78' lang='lat' dir='ltr'>pacem,</span> <span class='ocrx_word' id='word_1_253' title='bbox 961 3980 1177 4053; x_wconf 88' lang='lat' dir='ltr'>sacerdotes</span> <span class='ocrx_word' id='word_1_254' title='bbox 1203 3980 1249 4052; x_wconf 88' lang='lat' dir='ltr'>ad</span> <span class='ocrx_word' id='word_1_255' title='bbox 1277 3978 1398 4108; x_wconf 87' lang='lat' dir='ltr'>bapti·</span> 
     </span>
    </p>
   </div>
   <div class='ocr_carea' id='block_1_4' title="bbox 303 4174 535 4248">
    <p class='ocr_par' dir='ltr' id='par_1_5' title="bbox 303 4174 535 4248">
     <span class='ocr_line' id='line_1_36' title="bbox 303 4174 535 4248; baseline -0.024 -16"><span class='ocrx_word' id='word_1_256' title='bbox 303 4177 348 4248; x_wconf 78' lang='grc' dir='ltr'>ιι)</span> <span class='ocrx_word' id='word_1_257' title='bbox 368 4174 409 4231; x_wconf 84' lang='lat' dir='ltr'>cr</span> <span class='ocrx_word' id='word_1_258' title='bbox 430 4175 478 4244; x_wconf 87' lang='lat' dir='ltr'>xr</span> <span class='ocrx_word' id='word_1_259' title='bbox 498 4178 535 4231; x_wconf 84' lang='grc' dir='ltr'>ι..</span> 
     </span>
    </p>
   </div>
   <div class='ocr_carea' id='block_1_5' title="bbox 0 0 1556 5012">
    <p class='ocr_par' dir='ltr' id='par_1_6' title="bbox 0 0 1556 5012">
     <span class='ocr_line' id='line_1_37' title="bbox 0 0 1556 5012; baseline 0 1"><span class='ocrx_word' id='word_1_260' title='bbox 0 0 1556 5012; x_wconf 95' lang='lat' dir='ltr'> </span> 
     </span>
    </p>
   </div>
  </div>
 </body>
</html>
