3016 5016
18 469 25 574 i}

245 442 450 517 HEINRICI
477 443 749 556 CHRONICON
775 444 1021 520 LYVONIAE.
1122 431 1126 438 ⁸
1163 445 1186 519 5

87 605 250 718 itnnone
276 643 507 718 Thoredensi
535 643 770 742 premunitnr
797 655 834 719 et
852 644 973 718 redire
999 655 1185 746 monetur.

91 746 222 842 ltaque
241 745 499 842 multiplieiter
516 746 718 843 perplexus
732 745 960 819 Ykesoolam
973 745 1186 842 revertitur,

90 857 234 920 terram
262 845 449 918 declinare
477 849 557 919 non
580 847 719 920 valens.
772 847 878 920 Unde
905 870 971 946 pro
1002 847 1267 944 captando(12.)

25 951 30 960 '
93 946 252 1019 oonsilio
268 947 404 1018 domno
425 944 559 1043 pape*6
580 947 678 1018 olam
692 946 870 1019 marcium
889 971 1012 1044 suum,
1031 947 1188 1020 fratrem

20 1117 21 1120 ,
90 1045 368 1121 Theodorioum
388 1048 433 1120 de
459 1047 673 1142 Thoreyda‚
701 1046 845 1120 direxit.
900 1047 972 1134 Qui
996 1047 1128 1121 videns
1147 1071 1189 1122 se

91 1149 138 1221 de
167 1157 266 1221 terra
292 1147 394 1223 exire
420 1171 495 1219 non
522 1171 647 1245 posse,
673 1146 736 1245 pio
765 1148 850 1220 dolo
877 1147 966 1231 vicit
991 1147 1187 1243 Lyvonum

90 1247 267 1342 insidias7
300 1259 429 1322 vectus
463 1271 581 1345 equo,
613 1249 755 1320 habens
783 1249 947 1344 stolam,
982 1245 1119 1320 librum
1151 1259 1189 1323 et

91 1373 231 1446 aquam
255 1349 491 1422 benedictam
517 1347 624 1446 quasi
650 1347 841 1420 infirmum
861 1348 1088 1422 visitaturus,
1142 1349 1189 1420 Et

18 1503 22 1508 -
91 1449 192 1532 hano
210 1448 269 1522 vie
288 1473 354 1522 sue
375 1473 529 1521 causam
548 1449 753 1522 viatoribus
771 1448 1090 1547 interrogantibus
1106 1474 1189 1548 pre-

90 1552 263 1645 tendens,
277 1559 418 1624 terram
434 1551 603 1624 exeundo
620 1549 739 1622 evasit
754 1559 791 1623 et
806 1551 850 1622 ad
866 1573 1058 1622 summum
1069 1573 1188 1646 nsque
1254 1597 1256 1600 -

91 1649 308 1748 pontificem
321 1650 502 1748 pervenit.
530 1652 709 1724 Summus
724 1649 1045 1747 itaquepontifex‚
1061 1651 1187 1724 audito

92 1767 251 1825 numero
280 1751 568 1848 baptizatorum,
595 1774 671 1822 non
699 1774 764 1824 eos
784 1751 1011 1824 deserendos
1032 1751 1189 1848 censuit,

93 1852 159 1924 sed
186 1853 231 1924 ad
252 1852 555 1925 observationem
579 1850 680 1946 fidei,
708 1876 823 1948 qnam
849 1862 984 1950 sponte
1008 1852 1189 1950 promise·

14 1955 16 2042 {
92 1963 191 2048 rant,
219 1953 409 2050 cogendos
434 1951 609 2026 decrevit.
654 1951 929 2025 Remissionem
955 1954 1093 2051 quippe
1111 1977 1189 2024 om·

92 2053 198 2124 nium
226 2052 646 2151 peooatorum'indulsit
671 2051 844 2125 omnibus
868 2053 929 2150 qui
959 2054 1003 2125 ad
1031 2051 1191 2128 resusci-

14 2151 17 2228 [
77 2154 248 2225 'tandam
275 2152 380 2226 illam
412 2152 638 2252 primitivam
667 2153 867 2226 eeclesiam
896 2164 1050 2253 accepta
1079 2178 1188 2226 cruce

91 2252 339 2328 transeantfl.
390 2253 470 2326 lam
497 2264 587 2326 tuno
611 2251 710 2326 idem
737 2251 939 2352 episcopus
977 2280 1062 2327 cum
1095 2256 1268 2358 ducena)

93 2351 287 2449 Sueoie⁴⁸‚
320 2352 590 2428 Theuthonicis
623 2363 660 2427 et
687 2353 858 2446 Gothis⁴⁹
890 2354 1060 2428 Curones
1089 2354 1187 2429 hello

93 2455 284 2548 adierant,
321 2455 388 2527 sed
412 2463 639 2552 tempestate
666 2454 813 2553 depulsi
841 2454 1048 2551 Vironiam,
1083 2455 1189 2527 Esto·

93 2555 156 2628 nie
175 2553 427 2652 provinciam,
456 2553 646 2652 applicant
672 2564 710 2628 et
726 2553 850 2627 triduo
871 2565 1009 2628 terram
1028 2565 1188 2628 vastant.

14 2665 16 2670 ’
94 2655 170 2730 Sed
190 2656 278 2728 dum
298 2655 453 2729 Virones
473 2657 518 2728 de
537 2655 610 2728 fide
629 2653 842 2754 recipienda
861 2665 1078 2749 tractarent,
1104 2655 1189 2750 dux,
1290 2668 1292 2673 '
1378 2701 1381 2708 .

94 2766 252 2856 accepto
273 2755 398 2854 potius
416 2755 555 2828 tributo
576 2757 622 2828 ab
641 2754 708 2849 eia
728 2756 812 2830 vela
830 2757 1047 2852 sustollens,
1071 2755 1190 2828 diver-

92 2858 142 2930 tit
159 2857 196 2928 in
215 2856 430 2930 molestiam
448 2855 778 2948 Theputonicorum.
807 2870 810 2876 '

171 2956 319 3031 Interea
345 2957 404 3054 pie
429 2955 612 3032 memorie
637 2957 863 3053 Meynardus
887 2956 1086 3056 episeopus
1105 2956 1271 3054 postttt.)

93 3057 238 3130 multos
257 3057 406 3132 labores
423 3067 459 3132 et
472 3055 623 3130 dolores
637 3057 774 3130 decidit
786 3057 824 3129 in
838 3058 991 3154 lectum,
1012 3067 1048 3130 et
1062 3056 1190 3131 videns

93 3181 140 3232 se
165 3156 402 3254 moriturum,
428 3157 595 3253 Lyvonie
622 3163 660 3231 et
677 3157 861 3232 Thoreide
880 3167 1064 3230 convocat
1081 3181 1191 3254 quos-

93 3282 171 3356 que
190 3257 369 3354 se'niorea
396 3257 586 3354 inquirens
606 3258 637 3330 si
665 3267 750 3356 post
773 3268 934 3332 mortem
963 3282 1072 3334 suam
1092 3258 1192 3332 dein·

92 3382 188 3455 oeps
216 3383 346 3433 carere
370 3358 487 3432 velint
517 3359 707 3456 episcopo.
761 3358 819 3430 llli
847 3370 974 3433 autem
999 3357 1121 3456 magis
1150 3381 1191 3431 se

94 3459 278 3558 episcopo
307 3470 344 3532 et
368 3470 475 3557 patre
502 3459 668 3557 gaudere
692 3459 789 3532 velle
815 3459 1066 3532 communiter
1093 3457 1193 3531 affir-

95 3571 213 3633 mant.
269 3559 316 3632 Et
341 3570 429 3658 post
461 3560 658 3656 paululum
691 3559 891 3658 episcopus
926 3559 1024 3633 diem
1057 3557 1282 3632 transitum

94 3659 359 3734 extremumw.
463 3741 465 3746 ¹
749 3680 754 3688 ·
968 3703 971 3708 -

94 3822 146 3894 46)
172 3821 328 3878 Coelostino
346 3822 397 3878 111.
525 3823 570 3894 47)
595 3821 639 3877 De
662 3823 804 3894 privilegio
830 3832 895 3875 tunc
923 3823 1051 3894 episcopo
1076 3822 1138 3874 dato
1157 3820 1212 3875 uf.¹

94 3895 229 3953 Nostrum
241 3896 322 3969 paulo
336 3896 406 3950 iufra
426 3894 461 3960 11,
481 3895 507 3950 3.
654 3893 699 3964 48)
719 3893 817 3965 Birger
830 3894 902 3950 lari?
1037 3893 1090 4021 wit
1102 3891 1195 3949 Goth·

94 3970 208 4024 landiae
235 3971 341 4023 insulae
362 3970 485 4025 ¹incolis?
615 3967 659 4038 50)
688 3967 798 4022 'rumuli
826 3968 965 4041 inscriptio
994 3967 1039 4036 ios.
1092 3968 1194 4031 onnetl,

95 4041 439 4098 Russiooh-Livltndische
459 4041 692 4115 Chronographie.
729 4039 767 4097 St.
780 4041 952 4111 Petersburg.
991 4039 1071 4096 asta.
1109 4039 1195 4097 Gom-

97 4124 215 4170 montar.
239 4135 264 4188 p.
282 4116 340 4186 ⁴3J=
368 4116 467 4185 [uotis]
493 4117 605 4169 intuente
633 4121 752 4170 centena
775 4118 972 4185 nonoqneyents
998 4113 1096 4183 [Annis
1119 4114 1193 4178 com]

14 4205 20 4210 ·
95 4193 180 4260 sonis,
205 4187 247 4243 tto
273 4191 307 4242 ot
331 4190 380 4242 tito
405 4193 427 4243 tt
445 4191 481 4243 ad
504 4189 594 4242 attero
614 4188 736 4257 [poenis]
756 4188 801 4242 rr.
821 4185 1000 4244 Idasmenus
1020 4187 1147 4252 Octobris,
1167 4187 1195 4238 id
