3016 5016
304 429 353 502 20
449 424 663 499 HEINRICI
691 423 968 499 CHRONICON
994 423 1256 500 LYVONIAE.
1356 485 1361 490 .

304 627 350 699 ab
377 625 549 698 hostibus
578 625 795 724 paciuntur,
822 625 939 718 immo¹
967 652 1041 699 una
1060 627 1232 725 pyratica
1266 653 1293 701 a
1329 629 1445 702 chri·

305 725 437 800 stianis
466 727 679 824 confracta,
715 727 865 825 quidam
897 753 1133 826 paganorum
1165 729 1439 828 occiduntur,

306 826 456 925 quidam
475 827 740 901 miserabiliter
766 827 803 900 in
830 827 925 901 mari
948 839 1181 926 merguntur.
1233 829 1439 904 Alteram

305 927 514 1026 pyraticam
544 953 637 1002 unco
662 929 785 1002 ferreo
813 928 1003 1026 rapientes
1029 928 1074 1001 ad
1102 953 1144 1002 se
1167 930 1347 1005 trahere
1370 956 1439 1006 co·

306 1039 463 1125 uantur,
491 1029 555 1102 sed
584 1028 722 1127 pagani
750 1030 872 1128 magis
892 1029 928 1101 in
949 1028 1045 1102 mari
1063 1028 1278 1126 periclitari
1303 1057 1436 1129 quarn

307 1155 329 1202 a
360 1128 572 1202 christianis
604 1129 724 1202 occidi
756 1129 946 1225 volentes,
984 1129 1030 1203 de
1061 1129 1145 1202 navi
1177 1129 1432 1229 singillatim

307 1229 474 1321 exiliunt,
501 1240 539 1304 et
565 1229 639 1301 illis
665 1229 703 1301 in
730 1229 896 1328 periculo
924 1229 1058 1302 mortis
1077 1233 1431 1330 occumbentibus,

308 1329 380 1403 alie
399 1355 514 1404 naves
532 1330 753 1404 recedentes
780 1331 952 1404 evadunt.
988 1330 1093 1405 Licet
1112 1331 1212 1404 enim
1233 1334 1429 1432 omnipo-

306 1440 391 1504 tens
410 1430 512 1503 Deus
531 1430 673 1504 electos
692 1453 781 1502 suos
796 1429 833 1502 in
852 1430 965 1505 variis
982 1431 1297 1506 tribulationibus
1320 1435 1429 1534 posi-

298 1541 379 1628 ·tOS,
400 1533 506 1627 quasi
524 1551 658 1604 aurum
676 1530 713 1604 in
733 1531 833 1629 igue,
859 1534 1018 1630 probare
1036 1555 1112 1606 non
1131 1531 1303 1632 desinat,
1326 1561 1426 1608 nun·

308 1656 421 1727 quam
435 1642 562 1705 tamen
578 1631 728 1704 omnino
743 1631 893 1728 deserit,
912 1631 1026 1704 immo
1042 1656 1087 1706 ex
1102 1633 1286 1707 omnibus
1302 1636 1424 1710 malis

308 1754 375 1805 eos
401 1731 576 1830 eripiens,
603 1732 786 1806 maiorem
805 1732 976 1805 hostibus
996 1757 1126 1806 eorum
1143 1731 1337 1809 timorem
1367 1735 1421 1810 in·

308 1832 416 1930 gerit.
465 1832 555 1906 lnde
574 1835 821 1930 procedentes
840 1833 878 1905 in
895 1833 1086 1924 laboribus
1105 1833 1302 1932 plurimis,
1335 1861 1422 1934 pre·-

309 1933 417 2031 cipue
436 1933 592 2006 infame
612 1943 649 2006 et
667 1933 728 2006 siti
748 1944 786 2006 et
804 1934 944 2031 frigore
963 1933 1197 2008 multosdies
1217 1936 1418 2010 deducen-

307 2043 379 2131 teS,
398 2058 482 2106 cum
503 2033 731 2132 paucissima
750 2033 889 2106 cibaria
907 2035 1101 2131 haberent,
1129 2033 1417 2136 quinquaginta

307 2135 512 2232 naufragos
540 2133 763 2207 christianos
790 2134 829 2206 in
855 2133 981 2208 littore
1008 2144 1152 2209 stantes
1172 2137 1217 2209 ad
1238 2161 1286 2212 se
1307 2138 1414 2212 colli·

308 2245 414 2332 gunt,
434 2247 519 2308 curn
535 2236 667 2332 quibus
682 2233 974 2308 misericorditer
987 2245 1157 2333 agentes,
1176 2237 1328 2311 cibaria
1344 2262 1414 2311 sua

309 2345 536 2408 consumunt
587 2335 744 2408 Etcum
769 2336 842 2408 hoo
867 2336 991 2408 solum
1010 2348 1240 2435 superesset,
1271 2349 1316 2412 ut
1334 2339 1410 2412 iam

308 2436 409 2508 fame
437 2435 659 2533 delicerent,
688 2461 776 2510 ecce
803 2436 963 2535 qualiter
989 2435 1155 2510 visitavit
1181 2455 1262 2511 eos*
1280 2439 1410 2514 oriens

310 2561 356 2610 ex
374 2536 472 2632 alto,
499 2536 605 2610 navis
633 2537 732 2610 enim
757 2561 896 2633 magna
915 2547 1168 2610 mercatorum
1186 2538 1407 2632 advenienS,

310 2661 381 2734 que
407 2636 545 2709 cibaria
570 2647 650 2710 tarn
676 2636 798 2709 dando
826 2637 887 2710 eis‘
908 2662 1020 2734 quam
1046 2638 1241 2711 vendendo
1272 2639 1409 2715 refecit

308 2736 517 2836 famelicoS,
541 2747 579 2810 et
596 2737 754 2810 saturati
773 2747 870 2809 sunt.
906 2737 1155 2811 Procedentes
1174 2750 1305 2814 autern
1325 2765 1406 2840 gra·
1487 2753 1489 2796 l

310 2836 506 2910 vissimum
526 2839 646 2910 adhuc
661 2836 871 2936 periculum
889 2837 1068 2936 incidunt,
1086 2864 1174 2912 nam
1193 2849 1405 2940 tempestas
1465 2879 1466 2882 ¹

286 3015 287 3018 ,
310 2961 381 3020 eos,
396 2937 432 3010 in
453 2937 793 3037 periculosissimos
813 2938 988 3036 scopulos
1006 2938 1166 3037 impulit,
1191 2940 1291 3014 intra
1311 2963 1403 3040 quos

310 3039 411 3114 etde
430 3039 562 3136 quibus
582 3032 720 3137 magno
743 3036 875 3112 timore
895 3050 932 3112 et
949 3038 1170 3114 difficultate
1195 3043 1401 3136 venientes,
1487 3079 1488 3086 κ

231 3133 298 3259 N⁰9b
308 3139 346 3210 in
370 3139 498 3238 vigilia
524 3139 671 3212 Andree
697 3148 848 3235 portum
874 3140 1014 3234 Wysbu
1043 3139 1232 3238 attingunt
1250 3153 1290 3215 et
1305 3144 1401 3237 inde,
1487 3173 1488 3242 }

245 3209 537 3339 2'comparatis
572 3237 815 3336 victualibus,
856 3238 971 3312 Dacie
1002 3240 1137 3313 finibus
1168 3242 1400 3316 velificantes

309 3341 621 3439 appropinquant.
673 3339 755 3410 Non
774 3339 942 3413 valentes
971 3352 1097 3414 autem
1121 3353 1277 3440 propter
1301 3342 1398 3442 gelu,

309 3443 408 3538 quod
433 3441 658 3514 immensum
679 3449 771 3535 erat,
797 3439 921 3514 navim
947 3440 1062 3514 littori
1088 3442 1289 3540 applicare,
1317 3465 1396 3516 eam
1423 3483 1428 3494 ·

308 3541 346 3614 in
366 3542 487 3638 glacie
506 3540 732 3637 relinquunt,
753 3550 790 3612 et
808 3566 875 3640 per
893 3540 1049 3614 Daciam
1068 3541 1106 3614 in
1124 3543 1397 3617 Theuthoniam

307 3643 448 3716 vadunt
474 3644 585 3716 rebus
604 3639 682 3713 suis
702 3664 831 3714 secum
851 3643 1066 3740 assumptis.

225 3854 300 3940 (lx.)
384 3842 491 3923 Anno
529 3843 688 3941 septimo
730 3843 830 3917 circa
865 3841 1213 3942 quadragesimam,
1252 3841 1392 3941 quando

222 3939 299 3994 12⁰5·
310 3941 432 4040 magis
451 3941 514 4016 ille
533 3955 666 4042 gentes
685 3967 774 4017 suas
795 3968 971 4016 exercere
990 3944 1114 4016 solent
1132 3943 1392 4043 expeditiones

308 4041 498 4118 Lethones
525 4070 621 4142 pene
649 4046 720 4117 duo
756 4043 858 4116 milia
886 4044 1050 4118 virorum
1083 4057 1213 4118 contra
1240 4045 1389 4116 Estones
1452 4136 1456 4145 μ

311 4155 508 4218 moventur
534 4145 571 4218 in
597 4143 894 4244 expeditionem,
929 4154 966 4218 et
994 4143 1087 4242 ipsis
1114 4169 1224 4220 secus
1252 4144 1390 4218 Dunarn
