3104 5012
267 529 479 604 HElNlllCl
506 527 784 604 CHRONICON
810 528 1062 603 LYVONIAE.
1141 532 1211 606 135

45 825 49 834 Ι
87 757 202 806 „cum
229 730 497 805 Theuthonicis
529 732 715 828 quondam
746 731 885 803 luctam
916 755 991 803 non
1023 741 1212 826 curantes,

114 833 409 930 interruperunt

230 1031 395 1105 Presulis
415 1030 557 1105 Alberti
575 1030 867 1104 nonusdecimus
885 1030 955 1102 luit
972 1055 1152 1130 annus,
1224 1035 1329 1124 (XXI.)

230 1132 278 1203 Et
295 1156 371 1204 non
390 1155 412 1204 a
430 1130 539 1204 bellis
557 1130 660 1204 siluit
677 1155 771 1229 gens
789 1130 1047 1227 Lyvoniensis.
1224 1121 1303 1178 ¹²¹⁷·

193 1231 294 1304 Misit
320 1231 421 1305 enim
445 1229 671 1306 venerabilis
689 1233 857 1329 prefatus
880 1231 1037 1305 antistes
1056 1230 1212 1304 nuncios

116 1356 207 1406 suos
226 1343 305 1405 tam
323 1332 363 1404 in
381 1331 611 1430 Nogardiam
626 1355 740 1428 quam
758 1332 796 1402 in
814 1329 1012 1404 Saeculum
1031 1357 1099 1430 pro
1118 1356 1213 1430 pace

117 1431 158 1505 in
177 1430 345 1531 Odempe
364 1433 464 1505 lacta
484 1430 754 1528 confirmanda,
781 1431 998 1546 supplicans
1017 1433 1138 1506 eciam
1157 1433 1212 1506 eis

116 1558 187 1633 pro
214 1535 331 1607 fratre
350 1557 417 1605 suo
437 1532 683 1607 Theoderico.
729 1531 800 1618 Qui
825 1556 911 1603 cum
938 1532 1013 1605 sint
1035 1533 1212 1608 homines

118 1633 293 1708 elationis
318 1644 469 1724 tumore
493 1631 647 1730 repleti,
683 1630 798 1704 simul
822 1632 923 1705 etin
950 1634 1127 1731 superbia
1144 1659 1214 1707 sua

117 1733 278 1807 nimium
297 1743 532 1832 arrogantes,
558 1756 629 1806 nec
652 1755 785 1830 preces
804 1732 971 1831 episcopi
991 1758 1061 1806 nec
1079 1758 1213 1832 pacem

116 1833 464 1908 Theutbonicorum
492 1843 677 1906 curantes.
732 1831 806 1905 Sed
834 1833 1099 1930 conspirabant
1125 1859 1212 1907 cum

4 2007 5 2010 ,
117 1933 322 2008 Estonibus
347 1944 385 2008 et
403 1934 620 2033 cogitabant
646 1931 816 2026 consilia,
843 1933 1005 2029 qualiter
1025 1934 1213 2008 Theutho·

4 2063 6 2110 2
117 2034 224 2108 nicos
240 2034 497 2133 opprimerent
510 2044 548 2107 et
556 2032 816 2129 Lyvonensem
832 2033 1033 2106 ecclesiam
1047 2035 1213 2109 destrue·

115 2145 212 2209 rent.
250 2135 345 2222 Quo
357 2135 520 2247 cognito,
546 2133 737 2246 predictus
760 2133 916 2206 antistes
940 2158 1041 2206 curn
1047 2136 1213 2234 peregri·

116 2235 176 2308 nis
201 2234 443 2308 redeuntibus
463 2233 588 2307 abiit
578 2259 616 2306 m
635 2233 924 2329 Thouthoniam,
948 2235 1099 2307 domino
1125 2234 1211 2309 lesu

116 2335 268 2408 Christo
292 2334 477 2431 matrique
504 2359 571 2408 sue
596 2334 803 2429 Lyvoniam
830 2334 1071 2408 committens
1090 2336 1211 2409 eciam

116 2437 189 2510 hac
223 2435 305 2510 vice
337 2435 637 2529 custodiendam,
682 2445 720 2507 et
751 2434 989 2507 incommoda
1024 2436 1210 2509 bellorum

115 2538 398 2634 dampnumque
417 2559 573 2608 suorum
593 2534 736 2607 cunctis
755 2533 985 2632 significans,
1011 2545 1052 2607 ut
1070 2559 1111 2609 se
1131 2561 1211 2609 mu·
1302 2585 1305 2592 ·

114 2661 202 2709 rum
220 2661 290 2734 pro
309 2638 421 2708 domo
441 2635 590 2708 Domini
617 2645 802 2732 ponerent
818 2635 887 2708 viri
914 2636 1032 2708 fortes
1051 2646 1090 2708 et
1108 2635 1211 2708 nobi·

115 2738 188 2832 les,
214 2747 253 2809 et
270 2746 421 2834 sumpta
448 2759 560 2809 cruce
584 2734 916 2833 peregrinarentur
941 2735 978 2808 in
1003 2734 1211 2831 Lyvoniam

114 2836 444 2910 inremissionem
471 2847 714 2934 peccatorum
733 2836 950 2934 ammonuit.
998 2834 1047 2908 Et
1072 2837 1213 2910 audivit

5 3013 6 3020 χ
117 2961 247 3010 comes
264 2938 441 3010 Albertus
460 2937 505 3010 de
523 2935 817 3010 Lowenborch⁷²
844 2935 970 3008 omnia
997 2938 1110 3030 mala,
1138 2963 1211 3037 que

115 3037 280 3111 Rutheni
307 3037 475 3110 simulet
498 3036 659 3110 Estones
683 3035 892 3110 inferebant
916 3037 1077 3111 ecclesie
1093 3037 1212 3134 Lyvo·

6 3201 7 3208 ,
45 3141 51 3154 “
116 3137 244 3235 nensi,
280 3147 431 3235 sumpta
464 3161 574 3210 cruce
605 3137 643 3208 in
673 3136 936 3211 remissionem
967 3148 1211 3235 peccatorum

117 3263 206 3311 cum
232 3237 411 3310 militibus
442 3237 520 3310 suis
551 3261 596 3310 ac
621 3235 710 3310 viris
735 3237 924 3310 strennuis
956 3263 1001 3310 ac
1024 3239 1211 3312 nobilibus

116 3339 312 3436 profectus
337 3348 396 3411 est
420 3337 458 3410 in
482 3335 700 3433 Lyvoniam,
726 3337 901 3435 venitque
926 3362 1012 3412 cum
1031 3363 1076 3412 eo
1097 3341 1212 3429 abbas

116 3437 333 3512 Bernardus
353 3439 398 3511 de
417 3436 665 3510 Dunemunde
693 3443 731 3509 et
753 3437 955 3536 peregrini,
982 3437 1072 3512 licet
1088 3439 1210 3537 pauci.

117 3539 167 3610 Et
192 3549 392 3637 susceptus
419 3549 478 3611 est
495 3562 580 3610 cum
599 3535 724 3610 leticia
750 3562 899 3635 magna
944 3538 1067 3625 Quem
1085 3539 1213 3610 Domi·

117 3662 189 3711 nus
217 3639 400 3712 hactenus
432 3647 612 3736 posuerat
638 3636 675 3708 in
700 3637 878 3732 pharetra
905 3661 985 3736 sua,
1016 3648 1211 3735 tamquam

118 3738 300 3837 sagittam
326 3738 534 3833 electam⁷³,
566 3747 607 3809 ut
633 3747 805 3834 tempore
830 3749 1017 3836 oportuno
1046 3739 1212 3812 mitteret

117 3864 208 3914 eum
225 3839 263 3912 in
280 3839 487 3936 Lyvoniam
506 3839 550 3910 ad
570 3837 800 3911 liberandam
819 3839 1019 3912 ecclesiam
1037 3861 1146 3936 suam
1166 3840 1212 3912 ab

7 3983 8 3990 .
118 3938 292 4013 inimicis.
339 3938 409 4027 Qui
435 3927 637 4036 postquam
663 3936 828 4011 venitin
856 3938 1001 4038 Rigam,
1027 3938 1274 4034 miseruntlt.)

7 4119 8 4122 Ἴ
119 4039 281 4114 bistones
301 4042 347 4113 ad
366 4039 560 4112 Ruthenos
583 4062 740 4111 munera
766 4039 939 4139 plurima,
966 4050 1146 4138 rogantes
1173 4050 1215 4113 ut

7 4207 9 4268 l
116 4237 163 4311 72)
182 4238 357 4310 Lauenburg.
430 4237 475 4310 73)
495 4235 537 4295 Cl.
559 4237 639 4292 lsaias
658 4237 701 4305 49,
720 4237 746 4292 2.
