3016 5016
237 507 449 610 nurnnrcr
476 486 754 582 cunonrco'n
779 507 1033 632 urrunnu.
1137 515 1181 587 15
1233 518 1235 527 ·
1268 457 1269 462 Ν

81 709 310 808 quibusdam
324 733 394 810 cap
397 709 535 806 tivatiS‚
549 719 691 784 terram
704 718 944 783 vastaverant
929 721 1180 810 tcampanas

14 859 18 870 ›
82 822 122 886 et
151 833 213 885 res
244 810 406 885 ecclesie
436 821 742 908 asportaverant
782 809 880 882 sicut
912 822 990 883 tam
1018 813 1085 886 Est
1070 823 1180 889 tones
1222 852 1223 856 ¹

81 935 199 1010 quam
230 911 401 984 Curones
432 911 570 1009 pagani
602 909 640 983 in
671 935 789 1009 regno
828 910 943 985 Dacie
975 923 1013 985 et
1044 911 1180 989 Suecie

14 1049 17 1116 ὲ
79 1013 266 1086 hactenus
285 1012 412 1086 facere
431 1020 716 1085 consueverant
769 1013 973 1084 Armantur
992 1014 1181 1113 peregrini

59 1169 62 1174 ,
81 1113 248 1211 dampna
275 1112 403 1186 christ
377 1123 566 1185 tranorum
590 1112 761 1185 volentes
781 1111 930 1207 ulcisci·
956 1114 1022 1186 sed
1042 1116 1180 1213 pagani

81 1221 373 1312 cognoscentes
400 1213 497 1310 quod
523 1211 731 1308 Lyvoniam
756 1222 971 1310 pergerent,
1002 1213 1179 1290 timentes

80 1314 211 1411 valde
247 1337 379 1428 pacem
410 1337 452 1388 se
483 1337 570 1385 curn
600 1312 826 1411 Rigensibus
857 1312 994 1387 fecisse
1032 1315 1204 1390 mentiti·

14 1467 16 1518 ;
80 1425 182 1511 sunt
207 1413 342 1512 quibus
362 1415 451 1486 dum
472 1414 669 1487 crederent
686 1412 934 1510 christiam⁷
937 1439 1009 1486 unc
1028 1416 1179 1512 quidem
1266 1410 1268 1414 ’

80 1538 217 1588 manus
242 1539 374 1588 eorum
401 1524 620 1609 evaserunt
656 1511 721 1588 sed
753 1513 849 1586 dolis
881 1513 960 1586 suis
989 1515 1092 1590 nulla
1122 1516 1178 1590 eis

80 1615 187 1688 lucra
205 1614 534 1728 reportantibus,
525 1639 562 1686 m
581 1615 740 1688 eundem
760 1614 957 1712 laqueum,
985 1615 1046 1712 qui
1072 1641 1180 1714 para·

14 1711 17 1798 i
80 1725 141 1788 tus
161 1715 330 1811 erateis,
353 1713 719 1814 posteaincidunt⁶⁶
756 1715 851 1787 Nam
870 1714 1072 1814 peregrini
1097 1715 1178 1792 Deo

14 1809 17 1912 ξ
82 1841 147 1890 eos
167 1818 340 1914 ducente,
367 1815 449 1890 sani
475 1825 512 1890 ct
497 1816 739 1889 tincolumes
756 1814 937 1910 Wysbu⁶⁷
960 1817 1179 1913 pervenien-

14 1935 22 2028 p
80 1926 151 2014 tes,
183 1941 205 1990 a
232 1917 374 1990 civibus
394 1927 432 1990 et
448 1915 658 2014 hospitibus
683 1915 819 1988 ibidem
840 1915 1084 1990 existentibus
1103 1918 1179 1993 lete

60 2016 350 2116 suscipiuntur.
404 2017 493 2090 Post
517 2016 595 2090 dies
623 2015 766 2114 aliquot
793 2016 954 2090 Estones
981 2041 1066 2090 cum
1098 2019 1178 2092 uni·

14 2117 16 2246 {
81 2141 190 2191 versa
209 2118 342 2232 rapina
356 2141 424 2190 sua
440 2116 653 2210 adveniunt,
673 2140 767 2214 quos
783 2117 971 2215 peregrim
963 2116 1177 2194 velificare

14 2253 16 2260 ·
81 2217 272 2312 videntes,
308 2217 409 2292 cives
441 2227 479 2291 et
508 2228 740 2291 mercatores
773 2217 966 2316 incusant,
998 2243 1043 2292 eo
1076 2222 1176 2317 quod

14 2263 19 2422 i
81 2317 273 2392 christiani
292 2317 454 2392 nominis
474 2317 649 2392 inimicos
676 2341 761 2390 cum
780 2342 875 2414 pace
893 2328 1045 2416 portum
1064 2343 1176 2393 suum

14 2401 19 2486 ἶ
83 2419 242 2493 transire
260 2419 489 2518 permittant
543 2417 686 2532 Quibus
705 2418 943 2490 dissimulant
944 2418 1026 2491 ibus
1046 2431 1083 2493 et
1101 2444 1177 2494 ma·
1163 2422 1236 2512 -(2)

14 2489 21 2600 i
82 2518 138 2616 gis
152 2519 263 2634 pacis
270 2519 472 2594 securitate
486 2543 573 2592 cum
588 2519 641 2592 eis
656 2518 821 2617 gaudere
832 2517 1055 2631 volentibus
1071 2545 1178 2618 pere-

15 2631 21 2742 'p
82 2619 176 2716 grini
205 2619 427 2720 episcopum
452 2644 564 2694 suum
588 2619 726 2692 adeunt
745 2628 885 2692 etcum
905 2617 959 2691 eis
986 2620 1177 2718 pugnandi

82 2719 277 2795 licenciam
295 2731 383 2819 post
368 2721 501 2794 ttuian.
555 2719 765 2818 Episcopus
789 2719 916 2815 itaque
943 2720 1177 2795 voluntatem

54 2871 56 2875 -
81 2816 230 2900 illorum
242 2821 477 2936 intelligere,
496 2844 564 2896 eos
583 2845 605 2894 a
623 2819 816 2918 proposito
838 2819 967 2893 nititur
984 2845 1175 2935 revocare,
1248 2836 1251 2840 ’

83 2927 160 2992 tum
188 2922 273 3020 quia
292 2921 478 3035 possibile
498 2931 590 3014 erat
619 2944 684 2994 eos
713 2923 759 2993 ab
786 2919 993 2994 hostibus
984 2947 1021 2994 m
1048 2947 1178 3028 pugna

84 3020 299 3120 periclitari,
317 3033 399 3095 tum
417 3021 602 3195 puio
523 3020 713 3095 ecclesia
703 3046 740 3092 m
755 3031 845 3120 gent
830 3023 929 3094 tibus
948 3022 1084 3120 posita,
1103 3049 1176 3121 que

84 3121 320 3196 adventum
309 3146 415 3222 rpsor
442 3147 480 3195 m
499 3122 789 3220 prestolabatur,
816 3121 1004 3196 defectum
1023 3122 1176 3198 illorum

84 3241 155 3294 non
174 3233 324 3321 poterat
341 3247 577 3321 recuperare.
599 3221 716 3337 Ipsi
709 3231 837 3295 autem
852 3234 1037 3321 oportune
1051 3224 1177 3324 inpor-

83 3327 170 3396 tune
188 3323 371 3398 instantes
391 3336 429 3398 et
447 3324 493 3397 de
507 3323 575 3398 Dei
591 3321 845 3397 misericordia
861 3347 934 3395 non
950 3323 1119 3398 diffident
1104 3335 1175 3420 t‚es

85 3420 248 3497 animum
267 3449 378 3499 suum
402 3449 424 3497 a
442 3434 612 3522 proposr
614 3449 635 3496 ο
597 3424 789 3496 tnolunt
802 3421 1011 3520 reflectere,
1031 3425 1175 3500 nullam

24 3606 28 3615 Ι
84 3517 176 3596 inter
190 3523 351 3599 bistones
370 3547 541 3624 paganos
560 3535 598 3597 et
610 3524 783 3619 Lyvones
803 3522 1060 3598 differenciam
1076 3526 1177 3599 affir-

84 3634 239 3723 mantes7
265 3634 402 3738 rogant
431 3636 471 3698 ut
489 3624 694 3739 peticiones
720 3648 853 3737 eorum
879 3623 1079 3698 admittens
1105 3627 1177 3698 hoc
1227 3720 1230 3726 Ι

84 3741 147 3834 pro
166 3725 332 3822 peccatis
352 3750 485 3800 eorum
499 3725 591 3825 ipsis
605 3724 808 3823 dignetur
797 3723 1003 3822 iniungere
1039 3725 1179 3804 Videns

85 3820 280 3923 episcopus
308 3827 478 3925 ipsorum
504 3825 782 3920 constanciam,
819 3824 1021 3898 arbitratur
1052 3825 1175 3924 magis

85 3925 254 4018 expedire
274 3951 360 4000 cum
379 3927 590 4003 obedientia
611 3949 777 4025 pugnam
795 3924 902 4020 inire,
930 3949 1017 3998 cum
1041 3928 1176 4001 melior

85 4026 357 4102 ‘obedientia
383 4053 496 4126 quam
514 4028 680 4125 victima,
707 4025 891 4101 voluntati
919 4051 1048 4100 eorum
1068 4028 1177 4102 satis·

85 4215 90 4262 ⁴
145 4217 187 4278 Cf.
205 4224 249 4283 Pa.
269 4227 312 4295 56,
332 4227 358 4282 7.
470 4226 514 4299 67)
533 4229 632 4300 Wisby
651 4229 678 4282 in
698 4225 872 4283 Gothlandia.
922 4297 973 4374 3*
