3104 5012
309 476 522 551 HEllVRlCI
549 476 828 554 CHRONICON
853 477 1104 555 LYVONIAE.
1181 483 1253 560 125

154 682 239 774 ipae
254 703 324 753 nos
341 681 575 774 examinasti,
599 681 698 753 eiciet
710 682 946 754 examinatur
959 689 1159 776 moenhrm.
1194 684 1253 756 ln·
1369 751 1374 758 .

154 778 293 853 duxisti
304 803 374 854 nos
386 781 424 853 in
440 779 622 876 loqueum,
635 782 795 874 posuisti
811 779 1066 854 tribulationes
1082 784 1120 855 in
1137 782 1250 858 dorso

151 886 304 976 nostro,
342 882 551 975 imposuisti
578 879 740 954 tornines
769 903 879 976 super
911 883 1038 976 cupito
1074 882 1248 956 nostrati.
1337 945 1341 954 .

152 979 334 1054 Liberosti
349 1003 419 1053 nos
435 979 590 1054 Domine
607 979 652 1052 de
679 980 846 1055 omnibus
867 980 1042 1075 periculis
1063 988 1199 1057 nostis
1217 992 1253 1056 et

151 1077 332 1154 redonisti
356 1103 426 1154 nos
449 1104 559 1174 super
582 1079 678 1154 hanc
703 1084 848 1170 lirnium
868 1087 1024 1176 petrum.
1078 1083 1249 1158 Habebat

152 1180 254 1254 enirn
279 1203 460 1279 magnum
488 1181 715 1256 desiderium
743 1181 788 1252 ad
807 1191 966 1279 petram,
994 1182 1056 1280 qui
1075 1183 1246 1258 Christus

147 1291 211 1354 est
220 1278 262 1377 ⁶⁵,
288 1281 473 1376 veniendi,
500 1291 539 1354 et
555 1281 686 1354 multis
704 1281 906 1380 gemitibus
924 1305 948 1354 a
966 1283 1169 1356 missarum
1187 1306 1246 1358 so·

149 1379 432 1480 lempnitatibus
456 1382 494 1454 in
519 1380 615 1455 mari
635 1382 856 1477 abstinebat,
882 1380 972 1454 licet
988 1392 1115 1456 tamen
1134 1385 1245 1458 alter·

149 1480 210 1554 nis
227 1481 359 1554 diebus
377 1481 472 1554 infra
501 1481 730 1554 dominicum
749 1481 919 1554 officium
937 1483 1244 1558 communicaret.

149 1580 198 1654 Et
221 1580 390 1680 implevit
416 1583 569 1656 tandem
591 1581 777 1654 Dominus
803 1580 1030 1656 desiderium
1048 1582 1179 1681 ipsius,
1207 1595 1245 1659 et

148 1682 252 1755 misit
275 1707 362 1756 eum
388 1683 522 1756 eodem
547 1681 682 1756 itinere
705 1681 743 1755 in
769 1681 983 1780 veromam,
1008 1684 1070 1756 ubi
1094 1685 1243 1759 modica
1328 1735 1330 1742 ,

147 1780 366 1856 infirmitate
389 1791 600 1882 correptus,
627 1781 788 1854 Domino
816 1781 991 1881 spiritum
1012 1805 1125 1856 suum
1141 1795 1365 1858 *com-Novar.
1403 1811 1408 1819 ·

147 1881 399 1955 mandabant.
453 1882 500 1955 Et
525 1882 717 1980 sepultum
741 1892 800 1956 est
826 1905 963 1980 corpus
982 1881 1063 1956 eius
1087 1883 1126 1957 in
1143 1872 1294 1958 mar-'⁰¹
1310 1872 1351 1926 ¹⁵·

147 2005 279 2055 moreo
304 1982 506 2081 sepulchro
532 1982 728 2056 cuiusdam
750 1983 941 2079 quondam
964 1983 1176 2081 cardinalis⁷
1203 1986 1240 2058 in

146 2081 319 2178 cenobio,
351 2084 450 2179 quod
482 2093 540 2156 est
567 2105 681 2186 supra
707 2081 861 2178 flumen⁷
894 2082 1036 2157 ordinis
1065 2085 1242 2184 Augusti-

145 2181 301 2255 niensis.
349 2183 396 2254 Et
418 2183 509 2280 vidit
529 2183 755 2256 Veronensis
780 2183 931 2280 quidam
957 2182 1157 2258 invisione
1181 2209 1241 2259 co»
1307 2227 1316 2246 ·

144 2282 342 2381 lumpnam
373 2293 566 2381 tamquam
597 2284 727 2381 fulgur
756 2283 1019 2381 splendentem
1052 2286 1098 2358 de
1133 2295 1238 2359 trans

144 2381 304 2480 Alpibus
340 2382 554 2458 venientem
585 2393 623 2457 et
652 2383 789 2457 ibidem
821 2407 863 2456 se
894 2383 939 2455 ad
969 2383 1239 2480 quiescendum

145 2483 409 2582 deponentem.
454 2484 501 2556 Et
526 2482 589 2556 alii
616 2482 779 2557 visiones
805 2483 950 2556 similes
975 2484 1167 2582 angelicas
1190 2485 1237 2558 ad

143 2584 390 2682 sepulchrum
408 2583 490 2658 eius
509 2607 551 2657 se
568 2582 695 2674 ridere
713 2583 840 2657 testati
858 2594 956 2656 sunt.
991 2585 1067 2656 Nec
1083 2584 1237 2658 mirum!

143 2684 209 2781 qui
229 2695 310 2758 erat
327 2684 385 2758 vir
402 2683 548 2757 stabilis
566 2693 605 2757 et
618 2694 812 2776 constans,
832 2693 873 2756 ut
889 2706 960 2756 nec
978 2682 1015 2755 in
1033 2685 1238 2782 prosperis,

145 2809 217 2857 nec
234 2784 271 2856 in
286 2785 453 2859 adversis
471 2809 494 2856 a
511 2783 649 2857 Christi
664 2782 849 2856 desiderio
863 2783 1007 2857 moveri
1020 2797 1170 2881 posset3
1198 2797 1239 2859 ut

143 2905 216 2957 nec
243 2884 357 2957 ctiam
389 2884 558 2958 ordinem
589 2883 734 2958 silencii
767 2883 826 2956 sui
858 2893 945 2958 ante
975 2884 1237 2960 matutinalem

142 3007 296 3056 cursum
317 2994 459 3070 etanta
477 2984 611 3058 horam
630 2983 703 3058 diei
721 2983 884 3082 primam
901 2983 1048 3058 finitam
1072 3010 1236 3085 unquam

142 3083 419 3181 interrumpere
433 3084 559 3180 vellet,
574 3085 653 3159 sive
667 3085 704 3157 in
718 3084 890 3158 incendio
902 3083 1067 3184 lligensi‚
1087 3087 1235 3184 quando

142 3184 306 3259 incensis
326 3184 501 3257 omnibus
519 3187 671 3284 fugatus
691 3195 749 3259 est
766 3210 788 3259 a
807 3185 919 3258 domo
938 3209 1018 3281 sua,
1042 3186 1122 3262 sive
1140 3187 1238 3261 inter

141 3285 248 3382 ipsos
268 3285 396 3357 hostes
414 3285 452 3357 in
467 3285 575 3378 mari,
593 3285 673 3359 sive
687 3285 804 3359 tercia
817 3285 900 3358 vice
913 3286 1062 3380 quando
1082 3311 1103 3360 a
1121 3288 1235 3386 vigile

140 3383 309 3482 graviter
321 3386 541 3461 vulneratus
560 3396 630 3478 est,
658 3409 744 3458 cum
764 3397 865 3458 esset
883 3384 921 3457 in
938 3410 1048 3458 muro
1067 3398 1178 3461 nocte
1196 3388 1235 3460 in

140 3484 375 3558 orationibus
400 3486 490 3558 suis.
535 3484 647 3558 Dedit
672 3508 763 3583 ergo
783 3484 885 3558 Deus
905 3484 938 3558 ei
956 3485 1095 3582 locum,
1123 3512 1236 3583 quem

137 3581 299 3682 optavit,
325 3583 478 3658 firmum
504 3595 542 3658 et
561 3585 733 3659 stabilem
757 3585 796 3656 in
814 3595 932 3683 petra.
975 3585 1090 3657 Cuius
1109 3587 1237 3660 anima

32 3777 37 3782 Ι
138 3709 229 3757 cum
261 3685 494 3782 Christo„et
522 3686 705 3761 memoria
729 3684 847 3785 ipsius
874 3696 1026 3759 maneat
1056 3685 1093 3758 in
1125 3688 1236 3762 bene·

137 3784 323 3858 dictione!

140 3920 187 3991 dl)
206 3919 336 3984 Psalmo,
351 3920 467 3974 10-12.
543 3919 587 3988 65)
610 3920 633 3974 l.
647 3919 769 3975 Corinth.
790 3919 833 3984 to,
848 3920 876 3974 4.
949 3919 994 3990 66)
1009 3918 1052 3975 Cl.
1065 3920 1235 3977 Hildebrand

138 3993 159 4046 l.
180 4010 203 4048 c.
222 4011 249 4064 p.
266 3995 306 4048 1⁰.
323 3993 366 4048 ll.
403 3993 515 4048 Mallem
534 4011 596 4047 cum
615 3994 753 4047 codicibus
773 3995 889 4064 optimae
907 4003 988 4050 nona
1006 3995 1124 4050 retinere
1143 3996 1236 4051 Vero·

139 4067 223 4119 niam.
261 4065 355 4138 Alpes,
381 4084 449 4138 quas
475 4068 504 4119 in
529 4067 633 4120 risione
652 4066 819 4120 Veronensis
844 4067 982 4120 cuiusdam
1009 4068 1090 4138 paulo
1109 4079 1169 4139 post
1187 4070 1235 4122 in-

139 4141 273 4202 venimus,
298 4138 363 4192 mihi
383 4139 468 4208 magis
488 4141 522 4192 ad
542 4139 679 4196 Veronam
704 4157 783 4212 quam
809 4140 843 4191 ad
869 4149 942 4212 prata
968 4138 1137 4195 Nerouensia
1163 4143 1235 4197 iuxta

138 4210 254 4266 Romam
274 4221 396 4282 spectare
416 4213 547 4266 videntur.
