3084 5018
328 486 398 559 196
470 483 682 559 HElNlllCl
710 485 988 561 CHRONlCON
1016 485 1268 560 LYVONlAE.

281 727 292 736 -
325 683 482 777 duabus,
510 683 727 760 edificantes
751 687 945 760 machinas
974 697 1012 760 et
1040 687 1270 785 patherellos
1291 697 1329 760 et
1347 696 1430 758 tur·

325 781 396 854 rim
414 782 440 853 li
471 807 580 857 neam
598 786 857 882 fortissimam,
882 812 994 884 quam
1013 789 1059 860 ad
1079 797 1244 860 castrum
1262 786 1428 860 vicinius
1508 859 1512 870 ,

326 807 578 982 αρροίᾗὴειηῐ,
604 896 645 957 ut
662 887 841 960 desubtus
861 898 1028 960 castrum
1047 888 1177 960 fodere
1202 888 1304 960 etde
1323 910 1428 958 sum·

327 982 457 1056 mitate
476 1007 542 1056 eos
561 986 685 1084 magis
702 987 927 1086 impugnare
946 987 1123 1062 valerent.
1160 986 1207 1058 Et
1224 986 1425 1060 audientes

326 1082 421 1154 Dani
449 1084 569 1180 gavisi
596 1097 695 1182 sunt,
721 1099 760 1160 et
782 1087 982 1160 veniebant
1009 1088 1054 1160 ad
1083 1111 1146 1160 eos
1166 1086 1308 1183 gratias
1327 1087 1459 1168 refe,

326 1192 467 1280 rentes,
493 1207 538 1256 eo
558 1187 656 1282 quod
685 1187 828 1260 miserti
855 1211 986 1260 eorum
1005 1185 1175 1261 venerint
1194 1185 1248 1259 eis
1267 1187 1305 1257 in
1320 1185 1427 1258 auxi·

325 1281 430 1355 lium.
467 1284 555 1356 Post
572 1286 644 1359 hoc
663 1297 789 1360 autem
815 1287 922 1359 multi
944 1311 966 1359 a
988 1285 1190 1359 balistariis
1210 1297 1298 1357 sunt
1311 1286 1428 1358 inter-

326 1381 427 1477 fecti,
455 1393 493 1456 et
519 1408 541 1456 a
568 1386 810 1460 machinariis
837 1387 1007 1484 proiecti,
1035 1397 1072 1460 et
1098 1385 1214 1459 ceteri
1240 1395 1426 1483 ceperunt

328 1482 493 1579 graviter
511 1495 686 1582 egrotare
711 1498 749 1560 et
767 1487 873 1560 mori.
923 1488 1079 1584 lnsuper
1104 1496 1141 1558 et
1158 1486 1327 1562 fossores
1345 1485 1427 1558 iam

328 1582 375 1652 ad
394 1583 652 1656 summitatem
670 1586 890 1659 munitionis
907 1587 1270 1685 appropinquabant,
1298 1595 1339 1657 ut
1356 1611 1427 1682 pu·
1523 1637 1525 1672 2

327 1690 452 1754 tarent
478 1693 691 1759 castrenses
719 1709 761 1759 se
789 1686 865 1759 iam
893 1687 938 1760 ad
966 1687 1042 1758 ima
1070 1711 1143 1758 una
1173 1709 1255 1757 cum
1275 1686 1424 1758 fossato
1521 1739 1525 1772 ,

328 1781 566 1859 descendere.
620 1785 725 1859 Unde
751 1787 904 1860 tandem
935 1785 1197 1884 supplicabant
1228 1784 1424 1881 exercitui,
1523 1791 1525 1862 Ξ

330 1881 504 1978 quatinus
530 1884 586 1958 ‘eis
605 1885 720 1958 vitam
744 1897 782 1960 et
799 1887 1012 1961 libertatem
1031 1886 1224 1958 donarent.
1269 1885 1317 1956 Et
1336 1909 1425 1956 con·

330 1992 527 2055 cesserunt
544 1984 599 2058 eis
612 1987 741 2084 vitam,
760 1997 798 2060 et
810 1997 975 2059 castrum
989 1986 1246 2060 incenderunt.
1279 1983 1424 2057 Omnes
1493 2021 1498 2030 ·
1524 2043 1525 2070 t

330 2105 417 2153 vero
443 2106 560 2179 equos
592 2096 630 2158 et
647 2089 770 2160 boves
803 2096 840 2160 et
868 2111 1006 2184 pecora
1038 2096 1075 2160 et
1106 2084 1355 2157 substantiam
1387 2094 1425 2157 et
1523 2097 1525 2182 ᾗ

329 2182 527 2278 pecuniam
547 2193 584 2257 et
600 2197 725 2258 vestes
745 2197 783 2258 et
800 2187 939 2283 omnia,
966 2211 1038 2283 que
1056 2186 1208 2258 fuerunt
1226 2185 1262 2256 in
1282 2193 1425 2282 castro,
1523 2231 1525 2270 t

329 2280 512 2354 tollebant
526 2283 595 2357 sibi
609 2284 868 2383 Theuthonici,
888 2287 1093 2360 dividentes
1109 2311 1193 2358 cum
1208 2285 1424 2381 Lyvonibus
1524 2299 1525 2304 ’

329 2389 367 2452 et
390 2380 533 2456 Letthis
557 2386 750 2483 equaliter.
789 2381 914 2460 ‘Danis
933 2411 1021 2460 vero
1047 2385 1220 2458 homines
1247 2385 1425 2457 restitue·

329 2491 415 2552 runt
450 2491 488 2555 et
518 2482 555 2556 in
583 2484 810 2568 villassuas
842 2488 980 2560 liberos
1011 2488 1207 2559 miserunt.
1267 2484 1422 2557 lnterim
1514 2495 1526 2576 ,ζ

329 2579 574 2656 Theuthonici
606 2586 790 2660 miserunt
823 2587 967 2683 aliquos
999 2587 1045 2658 de
1076 2583 1241 2659 exercitu
1272 2608 1342 2657 suo
1374 2585 1422 2656 ad
1525 2617 1526 2630 2

329 2678 403 2752 alia
433 2682 657 2758 tria'castra
688 2687 835 2759 minora
867 2684 1236 2780 circumadiacentia,
1267 2683 1424 2756 commi·
1525 2713 1526 2716 ¹

328 2790 463 2854 nantes
482 2782 536 2856 eis
554 2786 707 2884 bellum,
735 2786 806 2859 nisi
833 2787 982 2860 tradant
1009 2785 1107 2859 sein
1125 2807 1259 2857 manus
1277 2808 1422 2856 eorum.
1524 2857 1526 2862 .

331 2879 378 2950 Et
395 2882 627 2957 tradiderunt
644 2909 686 2958 se
703 2887 775 2958 tria
793 2886 858 2959 illa
872 2896 996 2958 castra
1010 2884 1218 2958 adiacentia
1230 2884 1268 2955 in
1287 2907 1422 2956 manus

331 2977 562 3078 Rigensium,
589 2983 781 3060 mittentes
800 2987 855 3059 eis
873 2985 1012 3058 tributa
1038 2995 1076 3058 et
1097 2982 1286 3082 waypas²⁸
1309 3008 1422 3080 quam

330 3078 458 3174 plures
477 3080 515 3150 in
533 3083 665 3154 eadem
685 3085 932 3181 expeditione.
977 3085 1024 3156 Et
1041 3108 1216 3158 reversus
1240 3093 1299 3156 est
1318 3108 1422 3156 exer-

330 3176 427 3248 citus
446 3177 664 3276 Rigensium
681 3181 719 3254 in
738 3183 922 3281 Gerwam,
953 3193 991 3257 et
1015 3185 1186 3258 abierunt
1205 3182 1357 3279 quidam
1375 3184 1422 3255 ad

330 3276 568 3373 spoliandum
585 3281 828 3378 provinciam.
873 3283 920 3356 Et
937 3293 1182 3357 occurrerunt
1199 3282 1422 3356 Gerwanen-

330 3399 392 3448 ses
410 3387 450 3451 et
461 3377 717 3478 Wironenses‚
745 3383 1000 3480 supplicantes
1019 3385 1064 3456 de
1078 3407 1184 3481 pace⁷
1203 3383 1423 3480 promitten-

328 3486 387 3548 tes
406 3477 583 3578 deinceps
609 3505 650 3554 se
669 3493 903 3556 sacramenta
922 3481 1010 3556 fidei
1029 3482 1232 3557 christiane
1250 3507 1327 3554 non
1344 3483 1422 3557 vio·

329 3575 419 3648 lare.
451 3577 900 3655 Etreformaveruntcum
913 3583 967 3655 eis
982 3606 1127 3680 pacem,
1147 3592 1185 3654 et
1198 3594 1422 3680 receperunt

329 3697 395 3748 eos
416 3677 459 3749 ad
476 3679 649 3777 gratiam,
668 3692 860 3756 sumentes
876 3682 1024 3755 obsides
1040 3684 1084 3756 ab
1100 3681 1166 3779 eis,
1186 3705 1279 3778 quos
1293 3691 1421 3756 tamen
1452 3769 1455 3774 Ι

329 3776 426 3848 Dani
451 3777 708 3852 disturbabant
734 3793 878 3879 postea,
905 3781 1108 3880 plurimum
1135 3781 1339 3855 inferentes
1367 3782 1421 3854 eis

330 3877 481 3973 bellum,
510 3902 554 3950 eo
575 3881 672 3977 quod
692 3907 826 3979 pacem
853 3907 873 3954 a
898 3881 1122 3980 Rigensibus
1150 3891 1187 3954 et
1212 3881 1422 3954 christiani-

330 3976 417 4048 tatis
440 3976 571 4074 iugum
595 3992 827 4078 receperant.
881 3981 927 4052 ut
954 4003 1128 4055 reversus
1154 3992 1211 4054 est
1236 3981 1419 4056 exercitus

328 4171 374 4244 28)
393 4171 425 4227 lu
443 4174 537 4242 lingua
556 4174 685 4230 Ehstnica
706 4182 774 4247 worp
794 4197 912 4250 pannum
933 4181 1046 4234 crudum
1066 4180 1206 4249 significat.
