3104 5012
289 415 503 543 sniumei
531 463 810 542 canonicor
835 467 1086 542 urvonnu.
1162 473 1229 543 101

7 713 8 718 =
136 669 322 768 magistro
342 669 480 744 milicie
499 681 537 744 et
553 667 731 769 fratribus
751 669 841 766 suu,
860 680 898 745 et
910 670 1095 769 Rigenses
1114 680 1151 744 et
1164 670 1234 766 Ly-

7 799 9 834 z
135 793 269 866 vones⁷
289 796 350 868 qur
341 769 521 844 adhuc
511 795 548 843 ur
568 794 636 844 sua
655 779 841 846 steterunt
854 769 1045 846 fidelitate
1082 771 1129 843 Et
1147 795 1236 844 con·

7 925 10 966 f
128 869 294 944 ‘veniunt
324 895 458 945 omnes
490 881 528 945 et
557 871 718 945 collecto
750 870 914 945 exercitu
946 897 1085 986 magno
1114 883 1153 945 et
1177 895 1236 944 as·

7 983 9 1026 ³
138 971 301 1068 sumptis
343 995 473 1046 secum
513 973 705 1066 omnibus,
753 995 826 1069 que
861 972 1078 1046 necessaria
1114 983 1236 1068 erant,

7 1103 9 1110 r
137 1072 349 1170 procedunt
373 1073 411 1144 in
437 1071 673 1168 'lboreidam‚
701 1071 917 1146 obsidentes
943 1083 1111 1146 castrum
1135 1072 1236 1145 idem

7 1167 13 1210 ¹
138 1171 326 1267 Dabrelis,
358 1171 397 1245 in
423 1197 496 1270 quo
523 1173 677 1247 fuerunt
699 1171 871 1268 Lyvones
899 1183 1171 1271 apostatantes
1198 1183 1237 1246 et
1366 1224 1372 1237 l

7 1303 8 1360 5
137 1297 216 1346 non
235 1273 356 1346 solum
373 1273 547 1369 Lyvones
570 1273 731 1346 fratrum
749 1272 900 1368 milicie,
926 1274 992 1348 sed
1011 1285 1050 1348 et
1065 1274 1238 1370 Lyvones

7 1383 9 1412 ³
139 1372 309 1471 episcopi
335 1374 381 1447 de
407 1373 482 1446 alia
507 1384 616 1473 parte
640 1373 777 1470 Coiwe,
804 1397 963 1470 quorum
990 1374 1166 1473 princeps
1186 1398 1237 1447 ac

7 1505 11 1578 p
137 1473 321 1546 Vesenior
344 1473 415 1546 fuit
433 1473 526 1548 silre
563 1472 611 1545 Et
636 1484 817 1548 exeuntes
835 1473 1008 1569 Lyvones
1028 1501 1049 1548 a
1068 1485 1193 1548 castro
1213 1500 1236 1548 a

138 1573 340 1672 posteriori
352 1584 472 1671 parte,
498 1585 537 1649 et
556 1573 779 1672 quibusdam
797 1575 843 1648 de
862 1575 1028 1649 exercitu
1046 1576 1150 1670 lesis,
1167 1576 1237 1650 tol·

138 1675 269 1746 lebant
299 1698 417 1772 equos
444 1685 482 1748 et
507 1676 628 1774 spolia
658 1698 802 1770 eorum,
835 1685 873 1749 et
906 1674 1049 1750 reversi
1080 1676 1237 1749 suntin

139 1784 321 1870 castrum,
336 1774 518 1849 dicentes:
545 1776 1234 1872 Consortamini‚Lyvones‚etpuynute‚

138 1899 185 1947 ne
201 1878 370 1948 enotatis
386 1875 645 1949 lbeutbonieis.
682 1874 729 1948 llt
740 1881 1016 1974 pugnaverunt
1036 1878 1237 1952 defenden-

7 1983 12 2000 '’
137 1987 199 2048 tes
227 1999 269 2048 se
295 1975 426 2049 diebus
445 1976 585 2050 multis.
634 1975 882 2049 theuthonici
900 2002 989 2050 vero
1014 1976 1238 2075 patherellis

139 2075 392 2150 munitionem
406 2077 520 2150 castri
534 2077 732 2151 destruunt
732 2075 906 2174 ,lapides
920 2079 1061 2151 multos
1081 2089 1118 2153 et
1131 2103 1237 2178 mag·

139 2199 212 2249 nos
230 2176 268 2248 in
287 2187 453 2250 castrum
471 2176 672 2275 proiciunt,
690 2177 865 2251 homines
884 2188 923 2252 et
935 2177 1104 2253 iumenta
1117 2179 1237 2252 multa

138 2277 380 2350 interficiunt.
426 2278 500 2350 Alii
526 2277 674 2376 sagittis
698 2278 870 2373 Lyvones
897 2304 919 2352 a
944 2278 1162 2353 defensione
1181 2304 1240 2353 re-·

138 2378 300 2474 pellunt
327 2379 496 2452 ledentes
515 2399 572 2452 ex
579 2379 633 2452 eis
653 2379 922 2492 quamplures,
941 2379 1005 2451 alii
1023 2403 1239 2478 propugna-

140 2478 270 2551 culum
289 2478 450 2578 erigunt⁷
469 2480 567 2576 quod
583 2488 694 2552 nocte
713 2479 884 2574 sequenti
897 2489 1031 2553 ventus
1045 2479 1083 2552 in
1096 2490 1238 2553 terram

140 2577 292 2676 proicit
319 2589 357 2652 et
383 2581 526 2652 clamor
544 2601 705 2677 magnus
728 2577 771 2650 fit
789 2588 827 2653 et
845 2579 1053 2654 exultatio
1043 2605 1080 2651 m
1100 2589 1238 2677 castro,

140 2679 288 2776 diisque
306 2680 385 2753 suis
404 2681 609 2754 secundum
626 2678 799 2776 antiquas
816 2680 1117 2754 consuetudines
1121 2681 1240 2752 hono·

139 2804 223 2854 rem
241 2779 501 2879 impendentes
521 2780 700 2853 animalia
717 2790 897 2877 mactant,
923 2805 1038 2855 canes
1056 2793 1095 2855 et
1111 2781 1241 2853 hircos

140 2880 386 2957 immolantes
411 2881 457 2954 ad
483 2880 700 2954 illusionem
723 2880 1014 2954 christianorum
1039 2881 1240 2956 infaciem

141 2980 312 3079 episcopi
326 2991 365 3054 et
382 2981 504 3054 tocius
524 2981 710 3055 exercitus
730 2982 776 3054 de
789 2991 914 3055 castro
929 2981 1126 3081 proiciunt.
1163 2980 1239 3056 Sed

12 3140 15 3149 .
139 3081 345 3155 frustratur
364 3081 486 3154 omnis
499 3083 608 3154 labor
622 3106 764 3155 eorum.
800 3083 896 3156 Nam
910 3083 1239 3182 propugnaculum

11 3212 17 3236 ι
141 3180 286 3254 forcius
313 3182 481 3281 erigitur,
505 3182 621 3255 turris
647 3182 777 3281 lignea
801 3195 956 3280 repente
981 3183 1165 3279 firmatur,
1192 3184 1239 3255 ad

139 3282 329 3356 fossatum
347 3285 510 3382 desuper
526 3283 744 3381 impellitur,
770 3294 935 3356 castrum
951 3284 1131 3358 desubtus
1148 3283 1241 3356 fodi·

140 3394 214 3456 tur.
268 3383 452 3456 Russinus
480 3383 625 3458 interea
652 3385 699 3456 de
719 3384 833 3456 castri
855 3385 1074 3458 summitate
1094 3383 1240 3458 Bertol·

140 3484 232 3556 dum
258 3483 486 3582 magistrum
513 3484 559 3558 de
584 3484 765 3580 Wenden,
798 3483 1020 3582 drangum⁶¹
1052 3507 1174 3580 suum,
1201 3482 1238 3554 id

127 3594 202 3658 'est
218 3584 451 3683 consocium,
478 3585 694 3682 alloquitur,
719 3584 858 3657 tollens
882 3585 1033 3680 galeam
1051 3585 1097 3657 de
1115 3582 1238 3681 capite

142 3695 181 3758 et
205 3684 392 3758 inclinans
424 3687 469 3759 de
496 3684 725 3780 munitione,
759 3685 865 3783 pacis
896 3709 940 3759 ac
970 3683 1237 3757 familiaritatis

141 3784 300 3883 pristine
318 3788 433 3861 verba
443 3802 676 3884 proponens.
713 3785 760 3856 Et
783 3785 908 3858 subito
927 3810 951 3859 a
967 3784 1160 3859 balistario
1180 3807 1240 3858 sa·

142 3885 278 3984 gittam
303 3885 340 3959 in
368 3897 481 3985 caput
505 3910 615 3959 suum
640 3885 828 3984 recipiens
855 3885 1007 3983 cecidit,
1043 3894 1081 3959 et
1103 3895 1238 3983 postea

140 3997 313 4060 mortuus
333 3997 401 4061 est.
437 3985 639 4060 Fodientes
667 3987 796 4083 itaque
813 3986 851 4058 in
869 3988 969 4061 vallo
988 3985 1238 4061 Theuthonici

142 4187 187 4260 51)
207 4190 306 4258 draupr
325 4189 354 4241 in
373 4188 465 4258 lingua
484 4186 587 4242 Lettica
607 4197 648 4241 est
666 4191 774 4244 amictu.
