3016 5016
178 1478 420 1572 HElNlllCl
453 1474 758 1564 CHRONlCON
794 1469 1075 1564 Ltvoumu

445 1763 587 1836 LIBER
614 1765 800 1839 PRIMUS.

12 1875 16 1974 i
88 1875 90 1879 ι
133 1900 284 1973 -Divina
304 1899 556 1997 providencia,
583 1927 730 1975 memor
748 1903 849 1976 Raab
875 1913 912 1976 et
930 1902 1172 2003 Bahilonis³l,
1184 1908 1227 1994 (1.)

12 1993 16 2086 l
74 2000 251 2076 videlicet
282 2000 438 2074 confuse
470 2001 705 2100 gentilitatis,
740 2002 880 2078 nostris
913 2015 950 2076 et
981 2003 1171 2078 modernis

12 2094 21 2180 i
73 2102 310 2201 temporibus
323 2099 497 2196 Lyvones
510 2103 702 2199 ydolatras
718 2106 763 2176 ab
778 2104 960 2200 ydolatrie
975 2115 1012 2177 et
1026 2105 1196 2202 peccati*

12 2185 20 2300 l
74 2227 237 2300 sompno
263 2199 389 2274 taliter
411 2201 499 2300 igne
518 2203 575 2276 sui
596 2204 735 2276 amoris
755 2204 941 2278 excitavit.

12 2305 17 2370 l
152 2302 237 2375 Fuit
259 2301 317 2374 vir
347 2301 422 2376 vite
452 2304 677 2379 venerabilis
710 2316 746 2377 et
769 2306 982 2379 venerande
1014 2305 1170 2380 caniciei
1183 2305 1232 2390 (ἰ)

12 2375 20 2533 l
73 2405 318 2500 MeynarduS,
348 2405 525 2478 sacerdos
554 2431 599 2478 ex
625 2405 755 2478 ordine
779 2404 876 2479 beati
896 2405 1108 2503 Augustini,
1133 2405 1171 2478 in

13 2537 20 2592 ῖς
74 2505 234 2578 cenobio
258 2503 572 2603 Sigebergensi³⁵.
606 2505 675 2578 llic
690 2505 912 2603 simpliciter
932 2529 999 2604 pro
1020 2504 1169 2578 Christo

13 2589 20 2760 p
75 2617 113 2679 et
133 2605 347 2703 predicandi
366 2616 513 2679 tantum
533 2629 646 2678 causa
667 2630 753 2679 cum
780 2606 958 2679 comitatu
987 2617 1171 2680 mercato-

13 2761 21 2786 ,
74 2731 160 2778 rum
173 2705 542 2800 Lyvoniamvenit³⁶.
574 2706 794 2780 Theutonici
811 2707 910 2780 enim
926 2717 1170 2804 mercatoreS,
1234 2709 1238 2720 ’

73 2807 288 2903 Lyvonibus
328 2806 582 2880 familiaritate
613 2806 823 2902 coniuncti,
861 2806 1070 2903 Lyvoniam
1099 2807 1172 2881 fre·

16 2975 18 2978 .
75 2916 235 3004 quanter
265 2907 414 3006 navigio
445 2933 513 3005 per
544 2907 651 2981 Duae
683 2905 826 2982 llumen
853 2907 955 2981 adire
987 2909 1169 2998 solebant.

74 3010 240 3103 Accepta
268 3008 394 3105 itaque
426 3007 583 3081 licencia
620 3009 789 3106 prefatus
821 3010 997 3083 sacerdos
1029 3034 1049 3080 a
1079 3003 1230 3106 regel3l

73 3107 317 3182 Woldemaro
332 3111 378 3182 de
397 3106 604 3205 Plocelre³⁷,
624 3109 683 3180 cui
696 3108 869 3205 Lyvones
890 3110 1012 3181 adhuc
1031 3108 1171 3206 pagani

14 3257 19 3310 ,
73 3207 440 3303 tributasolvebant,
460 3209 573 3282 simul
591 3220 630 3282 et
643 3211 689 3281 ab
703 3234 747 3282 eo
764 3209 980 3284 muneribus
994 3208 1170 3307 receptis,

14 3313 19 3362 t
76 3309 255 3386 audacter
274 3309 438 3382 divinum
459 3333 554 3407 opus
574 3309 803 3408 aggreditur,
821 3309 1035 3405 Lyvonibus
1050 3309 1170 3406 predi·

14 3363 24 3472 l
75 3409 194 3482 cando
215 3419 251 3481 et
274 3410 475 3485 ecclesiam
496 3411 534 3481 in
556 3409 645 3482 villa
661 3408 886 3484 Yliescola³⁸
904 3410 1168 3483 construendo.

14 3487 19 3558 l
76 3508 131 3580 Ex
149 3509 281 3583 eadem
295 3510 384 3584 villa
402 3509 547 3610 primus
565 3509 636 3583 Ylo
655 3520 763 3607 pater
780 3510 982 3584 Kulewene
1002 3518 1038 3584 et
1055 3509 1228 3598 Viezo(l.)

15 3559 25 3709 l
75 3619 183 3707 pater
196 3609 326 3684 Alonis
341 3610 453 3710 primi
467 3609 719 3710 baptizantur,
733 3610 817 3684 aliis
832 3609 996 3684 vicissim
1011 3633 1169 3705 sequen·

19 3710 24 3719 '
74 3710 186 3786 tibus.

75 3910 119 3980 34)
140 3909 183 3968 Cl.
201 3911 272 3967 Psal.
292 3911 338 3975 86,
356 3909 381 3966 4.
493 3910 537 3973 35)
563 3909 702 3982 Sogeberg
725 3911 754 3964 iu
778 3908 911 3964 Holsatia.
947 3906 1029 3980 Apud
1052 3905 1168 3963 Arnold.

75 3983 176 4042 Lubac.
197 3985 230 4051 V,
248 3985 284 4040 30
310 3984 357 4058 (M.
373 3982 406 4039 G.
420 3981 468 4038 SS.
489 3981 567 4048 lllll,
585 3984 662 4053 tul:
689 3983 843 4040 nunnus
861 3982 1063 4056 Syqedorqensr'a
1083 3997 1164 4038 cano-

27 4055 32 4060 “
76 4062 159 4112 uicus.
271 4057 316 4129 36)
342 4055 384 4112 (ll.
409 4058 487 4111 ibid:
518 4055 632 4128 Cumque
655 4061 696 4112 vir
721 4058 804 4111 donno
821 4071 870 4125 per
889 4057 987 4125 aliquot
1005 4070 1091 4110 aanor
1110 4070 1182 4108 cum.

32 4147 47 4175 ·‹
76 4133 282 4200 scandoloriam
301 4133 362 4188 illuc
380 4135 431 4185 iret
450 4137 475 4184 ct
494 4133 550 4182 suis
567 4133 679 4199 accolito
698 4132 807 4186 devotos
825 4133 969 4184 insisteret.
1019 4120 1022 4126 ’
1043 4127 1089 4198 37)
1109 4125 1168 4180 Po-

75 4203 137 4257 lozlr
157 4205 191 4256 ad
210 4202 327 4258 Duuam.
402 4201 447 4272 38)
467 4199 583 4256 [textuit
603 4203 637 4256 ad
655 4201 764 4258 Dunam
784 4202 812 4258 ll.
