3084 5018
289 483 504 557 HElNRlCl
531 483 813 560 CHRONICUN
835 486 1086 561 LYVONlAE.
1163 493 1234 562 171Ι

133 683 256 780 vulis,
280 683 382 757 circa
398 695 574 783 stagnum
595 687 877 800 Wordegerwe⁹
903 657 1035 762 euntes
1052 699 1236 762 venerunt
1297 680 1299 684 ’

133 784 175 860 in
205 783 394 883 Waigam‚
429 796 466 859 et
491 812 577 859 cum
600 786 770 885 Waiga
760 812 836 870 ram
864 799 951 862 ante
977 785 1091 862 fuerit
1116 789 1236 886 bapti-

136 895 242 980 zata,
277 885 469 960 redierunt
500 889 544 961 ad
573 886 824 1000 provinciam,
859 913 931 985 que
963 888 1236 987 logentagania

133 996 306 1084 vocatur,
335 997 372 1060 et
397 987 566 1085 singulas
584 987 695 1060 villas
711 987 922 1086 visitantes,
949 1015 1021 1086 que
1043 1007 1236 1064 remanse-

136 1097 227 1160 runt
252 1097 339 1160 ante
363 1089 529 1160 nondum
555 1087 762 1186 baptizate
798 1088 973 1164 videlicet
997 1089 1234 1188 lgetever11⁰

135 1187 313 1284 Wetpole
323 1187 351 1234 1¹
380 1197 417 1261 et
434 1188 628 1261 Wasa1a12
655 1189 929 1285 cumpluribus
949 1189 1045 1286 aliis,
1071 1190 1235 1288 baptiza-

135 1297 274 1361 verunt
301 1311 433 1362 omnes
450 1287 550 1362 viros
569 1313 613 1362 ac
638 1288 819 1362 mulieres
837 1300 876 1362 et
892 1291 1071 1389 parvulos
1091 1315 1234 1364 eorum.

137 1387 188 1460 Et
217 1389 371 1486 expleta
403 1388 541 1462 ibidem
581 1389 789 1462 ebdomada
820 1391 1166 1505 consummatisque
1198 1391 1237 1464 in
1281 1455 1284 1466 .

68 1497 74 1504 '
136 1488 277 1561 finibus
302 1488 378 1561 illis
405 1489 503 1563 sacri
530 1489 765 1588 baptismatis
793 1491 995 1605 mysteriis,
1027 1495 1246 1594 gaudentes¹

136 1590 281 1662 reversi
297 1591 443 1662 suntad
458 1591 618 1664 Matrem
633 1615 829 1704 equarum,
849 1602 886 1665 et
904 1591 941 1664 in
956 1602 1116 1689 utraque
1127 1603 1237 1690 parte

136 1688 243 1763 fluvii
275 1689 449 1763 similiter
487 1715 582 1788 opus
613 1691 764 1788 pietatis
803 1702 841 1764 et
871 1693 1039 1766 doctrine
1071 1693 1236 1765 studium

1 1845 2 1867 i
81 1845 107 1854 .‚
138 1790 241 1904 circa
258 1814 334 1862 non
352 1789 563 1888 baptizatos
583 1792 846 1890 adimplentes,
871 1793 1023 1867 tandem
1046 1793 1239 1866 redierunt

1 1893 2 1959 ἕ
73 1967 77 1973 ,
135 1890 178 1964 in
193 1889 399 1988 Odenpe
364 1915 589 1988 vineamque
607 1893 817 1989 plantatam
833 1903 870 1967 et
888 1916 997 1965 sacro
1016 1893 1168 1966 fonte
1139 1917 1237 1991 nga-

135 2002 219 2064 tam
246 1991 340 2086 Deo,
367 1991 429 2088 qui
455 1991 730 2105 incrementum
755 1992 911 2066 daturus
938 2003 1031 2090 erat,
1068 1993 1238 2066 commit·

135 2101 263 2166 tentes
281 2091 424 2165 reversi
444 2091 586 2187 suntin
605 2091 819 2207 Lyvoniamu.

215 2192 306 2266 Post
329 2175 520 2266 modicum
544 2218 633 2267 vero
651 2194 835 2292 temporis
853 2193 989 2268 rediit
979 2205 1117 2268 rterum
1134 2195 1234 2268 idem
1244 2215 1283 2300 (6
1284 2215 1294 2301 )

136 2294 393 2367 Theodericus
420 2294 634 2367 sacerdos
625 2320 662 2366 m
691 2293 863 2367 Gerwam
891 2305 928 2368 et
953 2294 1162 2368 Wironiam
1189 2296 1235 2368 ad

135 2393 352 2491 baptizatos
384 2418 492 2491 sum,
528 2404 565 2467 et
590 2394 771 2467 habitavit
797 2393 934 2468 ibidem
960 2419 1046 2472 cum
1073 2395 1139 2468 eis.
1193 2395 1241 2469 Et

139 2494 338 2568 audientes
364 2494 473 2591 Dani,
508 2496 876 2592 comprehenderunt
902 2519 990 2568 eum
1018 2518 1104 2567 cum
1127 2519 1238 2570 servo

139 2619 226 2692 suo,
260 2606 298 2668 et
320 2596 534 2692 auferentes
561 2595 615 2669 eis
640 2618 757 2692 equos
789 2605 827 2668 et
857 2595 997 2693 omnia,
1023 2621 1097 2692 que
1127 2596 1245 2670 habe·w

137 2699 244 2793 bant,
263 2695 495 2794 despoliatos
508 2695 736 2770 remiserunt
749 2694 786 2766 in
801 2695 1019 2790 Lyvoniam.
1055 2696 1240 2770 Miserunt

139 2796 264 2872 eciam
290 2798 427 2871 iratres
455 2795 624 2894 episcopi
650 2795 824 2895 Rigensis
843 2795 1090 2870 Salomonem
1117 2821 1240 2871 sacer-

139 2901 269 2971 dotem
303 2897 340 2969 in
367 2896 555 2970 Rotaliam
579 2907 666 2995 post
694 2896 887 2970 interitum
911 2895 1140 2992 Succorum3
1176 2897 1240 2995 qui

137 2996 304 3095 benigne
330 3008 506 3096 receptus
535 3007 593 3071 est
618 2997 716 3071 ab
685 3022 751 3095 ers,
777 2996 1084 3096 promittentibus
1111 3022 1153 3072 se
1181 2997 1241 3070 Ri-

139 3098 252 3200 gensi
276 3122 428 3198 semper
452 3097 613 3173 ecclesie
639 3099 799 3172 libenter
816 3099 1018 3196 deservire,
1045 3099 1240 3172 Danorum

137 3223 233 3274 vero
244 3199 496 3272 dominium
466 3223 545 3272 Slve
560 3199 791 3298 baptismum
806 3223 848 3273 se
863 3223 1055 3298 nunquam
1066 3210 1240 3313 acceptu-

139 3323 218 3374 ros
263 3299 310 3372 Et
332 3300 563 3398 colligebant
591 3324 747 3373 censum
766 3302 812 3374 de
831 3300 975 3374 cunctis
994 3300 1130 3372 linibus
1149 3299 1240 3396 soie,

140 3401 242 3476 sicut
265 3411 376 3476 antea
403 3425 554 3512 semper
578 3399 765 3497 solebant
792 3400 985 3473 mittentes
1010 3425 1080 3499 per
1103 3423 1240 3474 manus

140 3501 263 3602 ipsius
282 3502 490 3576 sacerdotis
508 3499 746 3599 RigensibuS,
775 3510 812 3572 et
829 3501 1023 3574 venientes
1042 3499 1139 3572 Dani
1158 3501 1241 3574 abs-

136 3603 312 3677 oderunt
337 3603 463 3676 omnia
490 3613 527 3678 et
551 3601 781 3677 remiserunt
808 3625 895 3674 eum
923 3600 1211 3698 despoliatum
1200 3626 1240 3673 m

138 3703 361 3819 Lyvoniam
415 3704 514 3777 Abiit
539 3702 659 3778 eciam
684 3700 896 3799 Hernicus,
923 3702 1082 3774 fratrum
1101 3699 1242 3775 milicie

139 3803 288 3880 iuvenis
307 3805 536 3920 sacerdos,
526 3830 564 3878 m
578 3803 807 3919 Ugeuniam‚
826 3812 864 3876 et
882 3801 1065 3876 habitavit
1081 3801 1131 3875 ibi
1155 3803 1262 3876 cum‘

140 3905 323 3980 fratribus
335 3906 412 3980 suis
424 3916 462 3981 et
475 3905 679 4004 baptizavit
688 3927 931 4004 quoscunque
945 3928 1020 3976 non
1031 3902 1241 4001 baptizatos

143 4089 170 4162 9)
190 4091 347 4162 Wiirzjerw
366 4091 449 4146 lacus.
527 4089 570 4161 10)
589 4089 699 4161 lggaier
718 4091 788 4144 villa.
867 4086 908 4156 ll)
928 4086 973 4142 An
986 4085 1142 4142 Febtenhof
1158 4101 1242 4156 prae-

143 4165 227 4230 dium,
247 4167 280 4218 ab
299 4163 409 4234 Iggafer
424 4166 457 4218 ad
471 4165 633 4219 meridiem?
712 4165 754 4235 12)
773 4163 901 4218 Wassula
915 4163 1064 4233 praedium,
1085 4179 1099 4214 a
1119 4157 1242 4214 Fehten-

141 4238 195 4292 hol
210 4241 281 4293 inter
300 4239 440 4293 meridiem
460 4245 488 4293 et
506 4239 683 4292 occidentem.
