3084 5018
289 488 500 562 HEINRICI
527 487 802 586 CHRONICON
829 481 1077 562 LYVONIAE.
1155 491 1224 562 183

135 681 318 790 paganos
335 690 514 764 auxilium
541 714 651 764 suum
679 716 753 765 non
781 691 1020 790 denegarent.
1070 691 1116 762 Et
1143 715 1227 788 pro-

135 792 324 866 miserunt
340 801 418 864 tam
437 792 506 865 sihi
521 817 634 890 quam
652 791 730 864 suis
744 791 855 866 fidele
868 815 1019 890 semper
1033 791 1226 888 auxilium,

134 894 237 967 unde
256 904 293 966 et
306 893 591 990 Theodericum,
609 893 766 966 fratrem
780 892 959 1006 episcopi
978 917 1064 965 cum
1079 892 1228 1005 quibus-

135 995 225 1067 dam
251 993 429 1067 fratribus
455 993 586 1068 militie
613 994 658 1066 ad
675 993 778 1092 regis
796 992 1016 1108 petitionem
1035 992 1200 1066 ibidem
1190 1019 1229 1064 m

136 1106 264 1196 castro
292 1117 388 1168 novo
416 1095 657 1193 reliquerunt.
706 1093 753 1166 Et
776 1095 917 1168 reversi
942 1103 1029 1166 sunt
1054 1094 1092 1166 in
1111 1093 1229 1188 Lyvo-

134 1192 252 1270 niam.
317 1195 396 1269 Rex
434 1220 523 1270 vero
562 1206 823 1269 consummato
865 1219 950 1268 cum
987 1193 1229 1269 festinatione

49 1319 54 1324 ·
135 1301 248 1370 muro
276 1297 402 1393 castri,
439 1307 477 1370 et
502 1297 636 1370 locatis
660 1296 750 1370 viris
774 1295 811 1368 in
836 1320 894 1392 eo,
920 1319 1094 1370 reversus
1113 1306 1172 1369 est
1190 1295 1229 1366 in

135 1397 307 1472 Daciam.

214 1497 370 1572 Osiliani
384 1523 473 1572 vero
493 1499 538 1571 de
557 1497 730 1570 omnibus
744 1496 842 1570 villis
862 1520 904 1570 ac
922 1495 1125 1595 provinciis
1145 1521 1229 1569 oon·
1216 1497 1289 1583 ·(3)

135 1599 345 1697 venienteS,
373 1609 544 1672 castrum
564 1599 689 1696 ipsum
714 1598 958 1695 obsederunt,
985 1609 1023 1671 et
1047 1598 1231 1670 miserunt

138 1701 188 1772 ad
207 1699 365 1774 Estones
390 1699 613 1796 maritimos,
641 1709 682 1771 ut
698 1698 868 1772 venirent
894 1698 948 1772 eis
975 1697 1013 1769 in
1039 1697 1229 1771 auxilium.

137 1801 188 1872 Et
205 1801 357 1899 quidam
383 1826 429 1875 ex
455 1801 509 1875 eis
537 1799 709 1873 abierunt
733 1799 771 1871 in
797 1800 1033 1896 Warbolatn,
1066 1799 1233 1872 conside·

137 1911 268 1975 rantes
296 1911 416 1975 artem
439 1900 638 2000 patherelii
670 1899 749 1973 sive
773 1899 963 1996 machine,
996 1923 1108 1996 quam
1133 1899 1231 1972 Dani

137 2002 460 2097 Warholensibus,
486 2011 680 2099 tamquam
697 2000 853 2073 subditis
872 2000 964 2096 suia,
991 2001 1231 2074 donaverant.

9 2161 10 2198 3
131 2103 190 2184 ,Et
206 2102 347 2177 reversi
375 2103 413 2174 in
430 2101 587 2175 Osiiiam
606 2111 786 2199 ceperunt
809 2101 983 2174 edificare
1001 2101 1231 2199 patherellos

47 2256 55 2265 -
141 2215 181 2278 et
205 2204 412 2300 machinaS,
439 2214 477 2277 et
500 2204 683 2277 docebant
709 2201 815 2275 alios.
864 2202 910 2274 Et
932 2203 1104 2276 fecerunt
1121 2225 1233 2274 unus-

141 2304 300 2403 quisque
323 2330 368 2378 ex
394 2303 448 2378 eis
475 2327 564 2377 suas
587 2304 792 2377 machinas.
846 2303 893 2375 Et
912 2313 1096 2377 venerunt
1120 2303 1234 2375 simul

141 2413 275 2480 omnes
301 2430 387 2478 cum
414 2406 543 2478 decem
572 2415 609 2478 et
626 2414 772 2502 septem
791 2403 1022 2502 pathereliis,
1048 2403 1231 2477 iactantes

139 2507 286 2606 lapides
311 2507 451 2579 multos
476 2516 514 2580 et
536 2529 697 2603 magnos
716 2505 845 2578 diebus
863 2503 1026 2602 quinque
1046 2504 1232 2602 continue,

140 2619 181 2682 et
210 2632 286 2680 non
316 2608 455 2680 dabant
481 2606 650 2703 requiem
680 2606 773 2702 illis,
806 2605 867 2703 qui
897 2615 1004 2678 erant
1029 2604 1066 2675 in
1095 2614 1231 2700 castro,

139 2707 230 2806 quia
248 2710 381 2782 domos
400 2719 438 2782 et
455 2707 602 2782 edificia
619 2731 695 2779 non
712 2707 910 2802 habebant,
930 2715 967 2780 et
984 2729 1059 2778 non
1078 2715 1160 2778 erat
1177 2705 1231 2779 eis

140 2811 249 2883 locus
275 2834 396 2906 neque
423 2808 612 2906 refugium
639 2808 677 2880 in
704 2818 826 2880 castro
852 2807 1018 2879 nondum
1045 2806 1231 2902 edificato,

142 2922 181 2985 et
207 2911 317 2983 multi
339 2910 409 2983 lesi
436 2919 522 2982 sunt
548 2934 593 2982 ex
619 2908 683 2982 eis.
732 2907 805 2982 Sed
825 2933 871 2981 ex
888 2906 1065 2990 Osilianis
1083 2906 1233 2979 multia

140 3011 345 3086 balistariis
362 3009 547 3084 vulnerati
566 3009 791 3083 ceciderunt
766 3008 912 3106 tlpsi
930 3019 1056 3081 tamen
1075 3007 1159 3082 ideo
1185 3011 1230 3080 ab

141 3112 427 3226 impugnatione
453 3111 566 3184 castri
593 3135 669 3183 uon
688 3119 938 3184 cessavermunt
986 3110 1083 3183 Post
1099 3109 1234 3182 multo·

142 3238 227 3286 rum
259 3214 396 3311 itaque
414 3211 558 3286 dierum
586 3237 753 3311 pugnam
784 3211 956 3284 dixerunt
992 3209 1149 3282 Osiiiani
1185 3211 1230 3282 ad

143 3337 224 3410 eos,
251 3313 313 3410 qui
341 3324 448 3386 erant
472 3313 509 3384 in
538 3323 680 3386 castro:
717 3313 804 3384 Cum
828 3313 953 3384 sciatis
970 3334 1035 3384 nos
1053 3314 1091 3382 in
1109 3316 1231 3384 castm

141 3418 215 3488 isto
244 3420 371 3487 conda
400 3415 707 3509 impupnationem
730 3418 894 3483 nostram
922 3413 1133 3482 continuam
1158 3435 1232 3482 om-

143 3519 231 3590 nino
248 3514 389 3588 salvari
413 3539 485 3587 non
498 3537 620 3610 posse,
645 3511 842 3585 suademus
867 3509 968 3583 vobis
987 3517 1020 3582 et
1044 3534 1231 3605 ropamuS,

143 3619 333 3714 puteanus,
372 3617 477 3702 facta
505 3638 597 3710 pace
625 3611 832 3708 nobiscum,
864 3615 947 3685 sani
977 3618 1013 3683 et
1035 3611 1232 3684 incolumes

142 3741 269 3791 omnes
297 3719 434 3791 exeatis
466 3722 501 3787 et
522 3712 627 3788 nobis
652 3720 815 3788 castrum
846 3718 881 3786 et
904 3719 1041 3785 terram
1065 3717 1232 3785 nostram

144 3819 369 3914 relinquatis.
421 3815 479 3888 lili
506 3827 631 3890 autem
656 3816 724 3888 sub
752 3814 834 3888 divo
862 3823 1085 3912 pugnantes,
1116 3812 1233 3894 domi·

145 3922 291 4016 busque
326 3928 363 3992 et
393 3916 565 3990 omnibus
596 3915 809 4014 indigentiis
842 3925 1030 4011 carentes,
1068 3915 1232 3988 formam

145 4020 259 4100 istam
277 4018 381 4118 pacis
395 4027 629 4116 receperunt,
649 4027 686 4092 et
700 4025 878 4091 exeuntes
898 4017 943 4090 de
958 4025 1080 4088 castro
1096 4038 1232 4112 resque

146 4145 236 4194 suas
251 4145 381 4195 secum
396 4120 441 4192 ad
455 4144 569 4193 naves
589 4119 826 4214 deducenteS,
854 4127 1019 4190 castrum
1037 4127 1075 4190 et
1091 4126 1233 4191 terram

144 4219 325 4295 Osilianis
351 4221 592 4318 reliquerunt.
645 4218 802 4292 Osiliani
834 4242 983 4317 quoque
1013 4229 1159 4318 septem
1186 4244 1232 4293 ex
