3084 5018
321 471 394 544 tto
463 465 675 538 llElNlllCl
702 462 980 539 CHRONlCON
1007 462 1259 536 LYVONlAE.

319 676 405 764 post
422 675 572 763 tergum
593 665 777 738 Estonum
801 689 887 737 cum
907 664 990 737 aliis
1003 663 1148 737 Letthis
1163 662 1294 760 paucis
1314 664 1416 759 apud

318 764 479 862 Urele²⁵,
507 775 544 839 et
571 789 660 838 casu
679 763 842 863 quodam
861 764 964 838 venit
982 765 1027 836 ad
1045 763 1323 857 Waremartuu,
1349 762 1416 858 qui

318 867 442 940 fuerat
460 865 633 964 princeps
660 865 920 938 Ruthenorum
945 862 983 936 in
1007 863 1187 960 Viliende,
1215 872 1252 937 et
1276 861 1417 948 occidit

320 990 406 1039 eum
437 989 523 1038 cum
553 965 683 1038 multis
715 964 798 1037 aliis
830 963 1020 1038 Ruthenis,
1044 973 1081 1038 et
1107 961 1322 1036 Eslouibus.
1366 961 1417 1033 Et

320 1065 496 1138 tollentes
533 1089 638 1138 arma
676 1074 714 1138 et
755 1064 875 1162 spolia
916 1064 1035 1136 multa
1070 1063 1212 1138 reversi
1248 1072 1337 1135 sunt
1375 1061 1414 1133 in
1530 1109 1534 1160 ,

319 1163 620 1338 welllleillnotuit
643 1288 768 1339 sermo
788 1264 825 1336 in
844 1263 937 1361 Riga
956 1265 1002 1336 de
1021 1261 1195 1336 omnibus
1215 1261 1325 1335 malis
1343 1261 1415 1357 Ly·
1532 1239 1534 1294 4

320 1363 478 1437 vonibus
503 1375 541 1438 et
557 1363 701 1438 Letthis
720 1365 846 1461 illatis,
873 1373 911 1438 et
937 1361 1122 1438 fleverunt
1148 1373 1186 1440 et
1212 1362 1417 1436 doluerunt
1531 1389 1534 1440 ῖ

321 1487 454 1537 omnes
472 1452 526 1538 'de
549 1447 800 1561 confratribus
823 1463 901 1537 suis
928 1463 1076 1558 occisis,
1103 1474 1141 1536 et
1165 1462 1308 1534 nullam
1333 1484 1416 1533 mo·
1533 1465 1534 1490 ³

322 1587 403 1638 ram
429 1563 623 1659 facientes,
650 1565 716 1637 sed
734 1565 861 1637 statim
879 1587 997 1662 panes
1022 1573 1060 1636 et
1077 1561 1250 1636 sacculos
1270 1572 1308 1635 et
1325 1585 1417 1659 pan-

322 1687 391 1736 nas
425 1686 513 1736 suas
549 1662 794 1762 proicientes,
833 1675 913 1736 tam
937 1663 1082 1760 equites
1115 1685 1228 1760 quam
1256 1661 1416 1759 pedites,

320 1762 456 1836 fratres
483 1762 617 1838 militie
636 1787 721 1836 cum
740 1764 950 1863 peregrinis
969 1773 1007 1836 et
1031 1787 1118 1836 cum
1143 1761 1416 1835 mercatoribus
1532 1815 1534 1842 ἶ

322 1872 361 1936 et
386 1862 597 1959 Lyvonibus
616 1863 788 1937 abierunt
805 1863 842 1936 in
860 1863 1095 1938 l'horeidam.
1149 1861 1196 1934 Et
1221 1862 1416 1936 mittentes
1532 1939 1534 1944 ,

322 1962 598 2060 exploratores,
637 1964 859 2038 invenerunt
895 1964 1026 2037 hostes
1059 1988 1081 2036 a
1112 1961 1306 2059 Ledegore
1337 1961 1434 2060 iam,

323 2062 533 2157 divertisse,
560 2075 597 2136 et
622 2063 741 2137 secuti
768 2074 856 2136 sunt
883 2087 948 2137 eos
974 2073 1086 2136 nocte
1112 2086 1157 2135 ac
1184 2061 1254 2136 die.
1307 2061 1416 2134 Unde

323 2163 453 2235 labore
471 2162 587 2234 nimio
601 2162 705 2258 fessi,
724 2163 868 2262 pedites
882 2186 1014 2237 omnes
1030 2172 1067 2236 et
1081 2161 1145 2234 alii
1159 2187 1270 2260 quam
1285 2162 1416 2266 plures
1468 2205 1482 2220 κ

324 2261 465 2335 reversi
493 2272 580 2334 sunt
607 2262 645 2334 in
672 2263 817 2362 Rigam.
870 2262 944 2336 Sed
972 2263 1036 2361 qui
1063 2262 1172 2336 erant
1196 2271 1417 2335 constantes
1533 2349 1534 2354 ἵ

324 2362 437 2436 corde
456 2363 501 2433 ad
519 2361 729 2436 faciendam
747 2363 949 2437 vindictam
973 2372 1103 2436 contra
1122 2361 1293 2435 nationes
1312 2371 1350 2434 et
1368 2362 1417 2434 ad

324 2463 539 2560 ponendum
563 2486 605 2536 se
629 2488 779 2536 murum
806 2487 873 2562 pro
901 2464 1013 2536 domo
1033 2461 1196 2558 Domini,
1222 2487 1297 2535 non
1315 2461 1418 2536 abie-

324 2572 412 2636 runt
429 2573 648 2635 retrorsum.
696 2562 797 2638 luter
815 2586 910 2661 quos
929 2573 1011 2636 crat
1028 2562 1226 2657 lohannes,
1254 2561 1417 2635 ecclesie
1532 2573 1533 2576 ’

325 2664 433 2736 beate
456 2663 573 2736 Marie
591 2663 817 2762 preposituS,
843 2662 978 2737 Daniel
995 2664 1185 2760 sacerdos,
1211 2661 1417 2759 Volquiuus

321 2763 485 2836 ¹fratrum
511 2762 643 2836 militie
673 2763 871 2862 magister,
902 2763 965 2861 qui
991 2774 1029 2837 et
1054 2773 1202 2836 ceteros
1229 2762 1419 2858 conforta-

327 2864 429 2958 bant,
464 2861 663 2936 animando
691 2874 728 2936 et
755 2863 942 2937 mouendo
969 2887 1049 2959 eoS,
1081 2874 1122 2936 ut
1148 2887 1189 2936 se
1220 2862 1352 2940 fideles
1379 2872 1418 2934 et

326 2963 445 3035 fortes
464 2962 510 3033 ad
524 2961 758 3061 preliandum
776 2964 896 3061 prelia
910 2962 1061 3036 Domini
1079 2973 1208 3036 contra
1223 2971 1418 3060 apostatas

326 3061 414 3141 illos
433 3070 471 3134 et
488 3063 649 3134 audaces
668 3062 897 3137 exhiberent.
933 3062 980 3136 Et
996 3073 1180 3136 venerunt
1198 3063 1244 3134 ad
1263 3086 1331 3136 eos
1344 3063 1420 3133 fra·

327 3170 405 3234 tres
419 3158 551 3233 militie
565 3161 611 3232 de
624 3159 845 3260 Sygewalde
859 3164 955 3236 etde
972 3163 1154 3260 Wendeo,
1169 3172 1206 3236 et
1223 3163 1423 3258 Lyvouuuu

328 3257 604 3350 etbetthorum
623 3285 761 3360 magna
779 3263 991 3360 multitudo,
1010 3273 1048 3336 et
1060 3264 1314 3360 sequebantur
1332 3272 1419 3360 post

328 3360 458 3433 hostes
472 3359 544 3452 via,
564 3386 636 3458 que
654 3372 712 3434 est
730 3363 775 3434 ad
791 3362 978 3459 Coywam,
1001 3363 1132 3436 hostes
1146 3387 1235 3436 vero
1252 3361 1312 3434 via
1332 3361 1419 3456 alia,

329 3485 402 3631 pue
421 3460 523 3533 ducit
539 3463 585 3534 ad
604 3461 802 3540 ecclesiam
821 3462 982 3536 vicinam
1001 3465 1046 3537 de
1064 3463 1214 3559 Ymere,
1237 3456 1417 3535 abierant.

363 3570 377 3633 t
403 3559 442 3632 iu
467 3561 627 3636 ecclesia
652 3572 762 3636 nocte
786 3564 955 3636 locantes
980 3586 1098 3659 equos
1127 3585 1230 3659 suco,
1258 3573 1296 3636 et
1322 3560 1417 3634 alias

329 3658 515 3757 nequitias
541 3685 628 3734 suas
657 3660 793 3734 ibidem
817 3674 1048 3758 exercentes,
1079 3663 1209 3761 fruges
1229 3671 1266 3735 et
1284 3662 1419 3735 domos

293 3766 297 3770 ’
330 3768 368 3833 et
386 3759 524 3856 omnia,
552 3786 624 3858 que
642 3772 749 3835 erant
765 3763 985 3858 sacerdotis,
1011 3773 1203 3836 vastantes
1230 3772 1268 3835 et
1293 3763 1421 3836 incen-

329 3860 473 3956 dentes,
500 3885 611 3935 mane
638 3861 738 3934 facto
764 3873 1032 3960 processerunt
1059 3863 1106 3936 ad
1130 3863 1319 3935 Ymeram.
1373 3861 1421 3932 Et

328 3958 468 4031 factum
497 3971 565 4058 est,
592 3985 676 4034 cum
702 3961 777 4036 iam
802 3962 926 4059 aliqua
943 3970 1032 4058 par's
1059 3962 1244 4036 exercitus
1264 3973 1421 4059 pontem

329 4153 374 4224 25)
395 4153 516 4210 Orellen.
649 4207 650 4210 ,
689 4139 695 4150 ’
