3016 5016
356 427 473 502 mli
517 426 724 506 HEINRICI
751 426 1023 503 CHRONICON
1049 427 1314 503 LYVONIAE,
1438 428 1482 470 ’Ἴ

320 639 323 643 ’
359 630 508 716 functus
523 628 598 700 sit!
630 603 852 702 Estmotlies
866 626 1029 706 oscetin
1047 625 1094 718 ni
1114 651 1155 702 eo
1174 631 1350 723 narratis,
1379 597 1482 750 mul

360 726 430 800 dus
447 750 521 800 non
538 725 660 800 solum
676 729 786 801 immo
804 751 889 801 nero
908 725 1069 814 rano&
1126 816 1128 818 ,
1289 767 1291 772 ·
1358 809 1383 822 ¹,

433 824 628 907 Heinricus
641 849 728 900 num
742 850 834 921 puer
847 828 939 900 inter
957 825 1106 911 obsides
1119 826 1268 904 aleus
1285 751 1482 946 cpiscopol

360 925 460 1000 datis
485 926 867 1023 ἠπίῃ-(1111111111,
903 951 985 1001 cum
1013 930 1088 1021 ipse
1112 926 1158 1000 de
1182 929 1263 1004 stris
1279 917 1482 1086 psimitiisp

359 1025 684 1120 silentiumseruet.
729 1025 847 1100 Semel
871 1049 920 1122 se,
947 1027 1009 1122 XI,
1032 1032 1068 1122 7,
1098 1025 1340 1101 scolarem
1370 1029 1465 1124 epl-

359 1129 492 1221 scopi
513 1131 717 1222 profitetur,
743 1131 865 1225 itaque
891 1129 928 1200 in
956 1128 1062 1200 curlo
1086 1128 1245 1222 episcopi
1263 1129 1462 1224 enutritus,

360 1225 511 1322 doctus,
546 1225 598 1298 ad
626 1225 769 1322 protus
803 1227 1068 1302 ecclesiasticos
1096 1234 1349 1323 praeparatus
1380 1251 1466 1302 esse

323 1329 330 1338 '
360 1325 547 1399 videtur22.
592 1325 726 1401 Lntinu
751 1325 879 1424 linpuu
906 1327 991 1400 bene
1017 1329 1218 1400 instructus
1242 1329 1319 1402 sine
1343 1324 1463 1400 dubio

360 1428 583 1520 scripturam
609 1450 759 1501 sacrum
776 1429 952 1500 tractooit
972 1429 1144 1500 continuo
1169 1424 1305 1523 studio,
1339 1427 1461 1524 Verpi·

338 1528 341 1533 ’
361 1525 492 1600 lium²³
516 1523 824 1624 Horatiumque²⁴
846 1534 980 1620 poetas
997 1533 1153 1610 noverat
1171 1526 1282 1601 simul
1300 1550 1346 1599 oc
1373 1526 1465 1599 Sul·

357 1627 448 1720 picii
465 1623 588 1699 Severi
612 1626 745 1700 librum
764 1626 809 1700 ete
832 1632 908 1701 vito
926 1629 1047 1700 sancti
1064 1625 1264 1723 Martini,
1291 1629 1327 1700 in
1346 1631 1460 1701 uersi·

362 1724 429 1799 bus
447 1725 620 1820 rythmice
637 1727 990 1822 componendis-sine
1007 1726 1119 1800 dubio
1138 1729 1357 1800 coercitntus
1376 1735 1464 1802 erat

362 1829 399 1900 in
417 1824 595 1900 scnotcw.
638 1830 719 1902 Iam
738 1851 835 1901 nuno
858 1831 964 1904 1208.
994 1851 1075 1900 cum
1092 1826 1322 1901 sacerdotem
1338 1827 1460 1901 letto.-

252 1978 254 1982 -
362 1950 445 1999 rum
463 1925 515 2027 uel
537 1925 703 2000 Ymerom
720 1931 918 2023 reperimus
937 1927 1017 2022 (XI,
1036 1931 1090 2021 7).
1133 1927 1211 2016 Quo
1230 1925 1376 2001 munere
1389 1952 1465 2023 per

364 2025 567 2123 complures
586 2051 704 2102 annos
721 2031 881 2123 functus,
907 2051 980 2101 non
1004 2027 1124 2114 defuit
1148 2030 1185 2100 in
1209 2024 1347 2102 bellicis
1359 2031 1461 2122 peri·

286 2179 288 2183 -
364 2127 465 2200 culis.
516 2129 616 2200 -Cum
654 2132 747 2202 enim
785 2135 947 2201 castrum
981 2127 1135 2201 Beoerin
1172 2124 1219 2199 ab
1258 2128 1463 2201 Estonibus

365 2234 650 2324 oppupnoretur,
676 2231 752 2323 ipse
778 2251 923 2301 murum
941 2228 1109 2302 ascendit
1124 2235 1160 2300 ct
1177 2252 1248 2322 pro
1266 2228 1378 2302 Lettis
1396 2226 1441 2301 de

363 2324 571 2418 tonsoribus
602 2328 748 2402 musico
780 2328 1030 2402 instrumento
1061 2330 1219 2402 canebat
1246 2329 1368 2401 Deum
1397 2353 1443 2401 ex

365 2429 520 2524 orando,
546 2427 625 2521 XII,
645 2431 679 2502 6.
724 2426 827 2503 Anno
850 2431 957 2504 1212.
984 2429 1052 2526 (cf.
1071 2428 1164 2524 XVI,
1183 2427 1225 2524 4)
1252 2427 1462 2522 Philippum

270 2540 272 2543 ’
366 2529 675 2624 Ruceburpensem
693 2532 901 2623 episcopum
924 2528 976 2601 ud
1001 2530 1163 2623 Lycones
1181 2531 1375 2602 comitatus
1393 2534 1461 2622 est,

361 2653 445 2702 cum
461 2627 683 2704 Wloelimiro
709 2629 1021 2725 tractavit(XV1,
1045 2629 1087 2726 6)
1116 2636 1153 2702 et
1175 2652 1211 2702 u.
1235 2631 1341 2704 1211.
1361 2627 1461 2717 filios

359 2853 405 2926 21)
425 2851 549 2923 Longum
570 2861 611 2908 est
630 2855 724 2908 omnia,
739 2853 784 2908 hio
802 2861 942 2925 repetere,
964 2869 1034 2926 quae
1053 2871 1082 2906 v.¹
1098 2854 1124 2908 d.
1144 2851 1314 2907 Hildebrand
1333 2855 1461 2925 perbene

349 2935 387 2981 =et
406 2927 517 2998 copiose
536 2927 681 2998 disputavit
699 2927 718 2992 l,
739 2944 762 2980 c.
785 2924 836 2978 166
856 2943 915 2998 sqq.
954 2924 1015 2998 lpse
1040 2926 1113 2979 enim
1135 2927 1211 2997 prius
1239 2927 1398 2980 sententiam
1419 2927 1460 2980 de

360 2999 467 3069 origine
481 2996 642 3053 Germanica
656 2999 774 3054 auctoris
788 2998 946 3068 simpliciter¹
960 2999 1110 3070 suscipiens
1126 2998 1341 3069 apponensque,
1361 3009 1460 3069 postea

309 3074 312 3080 “
360 3072 576 3144 disquisitionem
597 3072 714 3126 criticam
734 3072 786 3124 hnc
805 3071 839 3124 de
858 3088 888 3124 re
907 3087 1004 3124 novam
1023 3071 1139 3125 instituit
1157 3070 1192 3142 (1.,
1205 3087 1228 3124 c.
1247 3088 1275 3142 p.
1290 3069 1461 3142 162-170),

360 3147 454 3217 sicque
472 3153 563 3219 tamen
582 3143 681 3199 finivit:
720 3145 757 3200 Se
782 3145 868 3199 licien
885 3145 941 3198 sict
960 3145 1036 3199 locine
1054 3147 1164 3199 weitem
1181 3143 1322 3212 Memento,
1344 3145 1386 3199 die
1404 3147 1459 3199 ter

359 3219 507 3272 Lettiselen
532 3217 647 3286 Ailunll
670 3217 810 3272 Heinricls
832 3218 969 3286 perndezn
992 3217 1219 3285 widersprn'clren,
1243 3217 1367 3270 oielmclr
1391 3220 1461 3272 ein-

359 3292 443 3358 zelne,
469 3291 511 3344 tie
537 3289 642 3358 tossir
667 3291 836 3358 cuspeleutet
859 3289 967 3344 worden
985 3291 1108 3344 lonntcn.
1150 3289 1240 3344 Wollte
1258 3304 1321 3342 mon
1339 3289 1403 3355 nter
1421 3305 1458 3344 zu

354 3366 435 3429 jener
458 3361 588 3430 [citeron
606 3363 739 3417 Annelme
763 3363 972 3429 nuricllelren,
997 3377 1028 3417 so
1052 3367 1151 3423 rnisstc
1169 3363 1296 3418 coniciet
1314 3363 1356 3416 die
1374 3362 1457 3430 Mop-

361 3436 617 3490 ltctleit'cruiesen
640 3437 762 3505 woden,
789 3437 852 3490 dass
878 3437 927 3490 dns
950 3434 1068 3490 Beiwort
1090 3437 1143 3504 „dc
1167 3435 1267 3489 Lettis“
1289 3435 1356 3488 auct
1374 3436 1455 3503 tiese,

326 3523 327 3527 ¹
361 3509 415 3562 und
439 3523 490 3562 nior
518 3509 590 3562 ‹tiesc
614 3508 768 3576 tenuclae,
800 3509 871 3562 nicil
895 3507 981 3563 ilossc
1010 3507 1144 3563 Variotton
1163 3509 1209 3562 rtes
1228 3506 1343 3562 uomens
1372 3509 1458 3576 „ter

272 3577 279 3590 '
361 3581 658 3648 Lettcnpriestcr“
677 3584 725 3636 sei.
763 3579 835 3635 uass
854 3582 897 3635 ein
915 3581 1019 3648 soleter
1030 3579 1133 3636 Bcwcis
1148 3593 1184 3634 ¹zu
1200 3578 1298 3647 sitrcn
1316 3583 1363 3649 sei,
1382 3595 1455 3633 muse

359 3655 496 3722 pelcupnet
513 3655 629 3723 werten,
654 3653 721 3708 nter
739 3657 767 3707 in
788 3653 954 3721 Unnttndcn,
984 3655 1027 3708 die
1051 3653 1206 3707 eusserlntl
1232 3653 1279 3706 ries
1302 3650 1457 3706 instructo

361 3726 443 3780 sellu
466 3726 559 3795 lupen,
587 3726 690 3781 konnen
715 3729 766 3780 wir
789 3726 849 3780 lein
873 3727 1078 3782 nnsreiclendee
1104 3725 1264 3779 Hinterm'ss
1289 3723 1368 3792 dasii*
1392 3728 1455 3779 ent-

362 3797 485 3866 1111111.
544 3797 591 3866 22)
612 3795 654 3852 Ci.
673 3797 736 3862 XV,
752 3797 778 3860 9,
797 3798 844 3851 ubi
863 3797 960 3852 similia
980 3798 1014 3851 de
1032 3795 1158 3868 Philippo
1178 3796 1319 3850 sacerdote
1337 3813 1456 3850 nenen-

361 3880 420 3934 tur;
458 3867 495 3934 Χ,
515 3869 546 3933 7,
572 3872 618 3924 ubi
644 3872 678 3925 de
703 3868 825 3925 Iohanne
850 3870 1010 3926 Wironensi
1042 3871 1070 3924 in
1096 3870 1229 3924 coenobio
1255 3867 1453 3938 Segebergensi

175 4003 181 4014 ‚
363 3943 477 3996 educato
496 3943 593 4012 agitur.
703 3942 748 4015 23)
776 3941 818 3998 Cf.
839 3941 880 4008 X,
905 3943 936 4007 3;
962 3941 1121 4007 XX1X‚=8.
1231 3941 1277 4012 24)
1304 3939 1345 3996 Cl.
1370 3939 1406 4005 X,
1425 3941 1454 3995 3.

260 4047 261 4052 =
361 4013 408 4082 25)
423 4013 470 4068 et.
489 4012 511 4079 l,
534 4014 578 4070 11.
687 4015 734 4086 26)
759 4014 787 4070 Si
812 4033 877 4070 vero
902 4032 995 4070 versus
1014 4017 1043 4070 in
1063 4016 1149 4088 'capite
1168 4016 1269 4070 codicis
1285 4013 1453 4070 ,Zemoscinni

362 4085 494 4140 Heinrico
519 4089 681 4142 attribuendi
703 4105 759 4142 non
783 4097 859 4150 nunt,
883 4098 985 4142 restant
1008 4084 1109 4144 tamen
1123 4089 1169 4142 alii
1194 4089 1222 4142 in
1249 4087 1391 4152 chronico,
1417 4087 1452 4142 de

287 4219 290 4226 ¹
362 4160 460 4231 quibus
479 4159 558 4214 intre.
