3016 5016
294 511 507 586 HElNRlCl
535 511 814 588 CHRONICON
840 511 1090 587 LYVONIAE
1189 517 1234 588 41

133 713 241 789 sicut
258 713 296 787 in
313 713 396 789 iure
414 711 645 813 spirituali
615 737 669 788 sic
688 724 727 789 et
741 738 807 790 eos
822 714 1023 828 expediat
1014 740 1052 789 m
1067 713 1237 789 civilibus

9 820 13 830 '
137 815 280 930 causis,
299 816 398 913 quod
418 838 488 889 nos
506 815 694 890 dicimus'
683 841 722 888 m
740 815 821 890 iure
836 813 1011 913 seculari,
1029 816 1237 890 secundum

135 915 225 990 iura
249 916 552 990 christianorum.
590 915 692 990 Gens
712 916 813 990 enim
833 916 1030 1012 Lyvonum
1047 917 1236 1015 quondam

10 1087 15 1094 .
134 1026 225 1091 erat
241 1015 505 1116 perfidissima,
525 1026 565 1108 et
581 1017 840 1116 unusquisque
857 1017 1029 1114 proximo
1048 1041 1117 1090 suo
1137 1019 1237 1115 quod

136 1117 305 1192 habebat
331 1118 544 1214 auferebat,
572 1128 610 1192 et
634 1117 718 1191 ideo
741 1117 780 1191 in
806 1117 993 1216 baptismo
1021 1117 1237 1191 huiusmodi

10 1239 16 1252 ·
137 1217 330 1318 prohibita
344 1229 443 1316 sunt,
458 1217 656 1316 violencia,
670 1219 814 1317 rapina,
834 1219 935 1312 furta
948 1229 986 1293 et
998 1217 1071 1291 hiis
1085 1217 1234 1292 similia.

6 1388 13 1406 ,
136 1319 216 1406 Qui
230 1328 359 1393 autem
373 1330 460 1394 ante
474 1319 704 1419 baptismum
720 1319 871 1419 spoliati
886 1321 1049 1416 fuerunt,
1065 1320 1236 1395 dolentes

135 1419 187 1493 de
214 1444 340 1493 rerum
367 1443 521 1494 suarum
547 1420 763 1518 amissione,
796 1445 841 1496 eo
862 1420 961 1518 quod
980 1444 1050 1494 sua
1067 1420 1237 1520 recipere

136 1543 209 1618 per
226 1520 451 1594 violenciam
468 1532 554 1620 post
572 1522 801 1635 baptismum
826 1545 901 1594 non
925 1520 1118 1618 auderent,
1143 1521 1237 1594 iudi·

135 1643 225 1694 cem
254 1622 466 1696 secularem
489 1647 558 1720 pro
588 1623 712 1696 causis
741 1620 959 1694 huiusmodi
990 1621 1235 1695 terminandis

139 1724 328 1820 petebant.
364 1721 470 1798 Unde
484 1722 597 1797 Alebr
599 1722 696 1797 ando
709 1721 896 1796 sacerdoti
910 1734 987 1797 tam
1003 1720 1059 1796 de
1063 1723 1172 1836 spirit
1174 1747 1237 1796 ua·

21 1915 25 1926 Ι
136 1821 238 1894 libus
257 1823 394 1922 causis,
422 1848 535 1922 quam
563 1822 608 1897 de
635 1819 804 1896 civilibus
828 1821 1034 1918 audiendis,
1060 1821 1235 1920 primitus

135 1922 349 1997 iniunctum
369 1933 436 1997 est.
482 1925 531 1997 At
557 1923 621 1997 ille
647 1923 854 1998 iniunctum
874 1923 944 1996 sibi
964 1923 1132 1997 officium
1155 1933 1234 1996 tam

137 2033 296 2122 propter
313 2024 436 2098 Deum
463 2049 576 2121 quam
603 2048 672 2122 pro
694 2049 811 2122 pecca
813 2024 861 2097 tis
880 2023 958 2097 suis
977 2023 1138 2098 fideliter
1156 2049 1235 2097 am·

139 2123 380 2222 ministram,
416 2125 517 2198 furta
553 2135 590 2198 et
620 2125 771 2223 rapinas
805 2125 1064 2218 cohercendo,
1096 2124 1234 2199 iniuste

135 2225 264 2299 ablata
295 2225 548 2322 restituendo,
584 2224 795 2322 Lyvonibus
828 2225 927 2299 viam
957 2225 1055 2299 iuste
1085 2225 1234 2300 vivendi

138 2326 421 2401 demonstravit.
451 2326 595 2400 Placuit
610 2337 736 2400 autem
750 2326 964 2423 Lyvonibus
978 2326 1050 2400 ista
1066 2326 1236 2400 christia-

136 2451 275 2500 norum
294 2428 526 2502 consuetudo
545 2427 668 2526 primo
689 2452 800 2524 anno,
829 2452 874 2501 eo
900 2427 997 2524 quod
1014 2451 1084 2525 per
1102 2426 1235 2501 fideles

135 2528 351 2601 huiusmodi
370 2529 571 2604 advocacie
586 2527 926 2602 amministraretur
941 2527 1119 2625 officium,
1134 2529 1235 2625 quod

138 2639 273 2726 postea
300 2655 370 2728 per
395 2654 530 2704 manus
559 2629 793 2704 diversorum
821 2628 986 2703 iudicum
1005 2628 1235 2702 secularium

137 2730 337 2825 laycorum
362 2755 431 2828 per
460 2729 674 2804 universam
700 2729 925 2827 Lyvoniam,
952 2728 1235 2843 Letthigalliam

137 2839 179 2904 et
201 2829 397 2903 Estoniam
422 2830 533 2904 nimis
560 2842 618 2904 est
643 2830 901 2944 depravatum,
929 2829 992 2943 qui
1019 2830 1143 2943 magis
1165 2855 1235 2930 pro

137 2932 253 3004 hurso
267 2955 336 3004 sue
350 2930 570 3044 impletione
584 2955 698 3029 quam
715 2930 864 3005 iusticie
877 2929 972 3006 Dei
957 2930 1096 3004 mtuitu
1110 2931 1237 3005 huius·

139 3031 244 3104 modi
267 3030 468 3105 advocacie
487 3031 655 3104 officium
674 3043 933 3106 exercuerunt.

216 3129 359 3206 Eadem
372 3132 519 3229 hyeme
524 3133 622 3205 facta
638 3143 696 3206 est
711 3132 861 3230 ecliptio
873 3131 962 3205 solis
972 3157 1041 3230 per
1056 3157 1235 3248 magnam
1261 3157 1308 3220 16

138 3233 287 3315 horam
303 3231 386 3306 diei.
431 3232 641 3347 Episcopus
667 3243 795 3307 autem
813 3233 989 3307 Albertus
1009 3233 1180 3308 circuivit
1198 3233 1235 3306 in
1259 3156 1318 3324 ¹⁷l

138 3333 378 3408 Theuthonia
404 3359 474 3448 per
497 3333 601 3409 vicos
633 3346 670 3408 et
700 3335 846 3433 plateas
875 3345 912 3408 et
939 3333 1122 3408 ecclesias
1147 3325 1329 3458 que-{²⁴3⁷-

139 3434 258 3508 rendo
275 3437 510 3534 peregrinos.
547 3434 593 3508 Et
615 3435 846 3533 perlustrata
868 3433 1032 3508 Saxonia
1059 3444 1098 3509 et
1083 3436 1237 3509 t·West
1246 3419 1316 3530 23¹

139 3534 244 3634 falia,
270 3536 423 3610 tandem
443 3536 488 3609 ad
514 3535 657 3610 curiam
685 3535 786 3636 regis
804 3534 963 3635 Philippi
990 3535 1172 3634 pervenit,
1200 3547 1238 3611 et

139 3661 230 3709 cum
244 3636 290 3710 ad
310 3637 457 3711 nullum
474 3662 606 3752 regem
624 3637 750 3710 auxilii
769 3637 927 3711 haberet
944 3645 1171 3750 respectum,
1191 3636 1237 3708 ad

140 3735 343 3835 imperium
358 3762 400 3812 se
414 3738 607 3831 convertit,
628 3748 665 3812 et
677 3737 883 3834 Lyvoniam
897 3737 967 3810 ab
956 3735 1117 3834 imperio
1136 3759 1239 3810 rece·

140 3835 247 3936 pitll,
265 3838 364 3913 unde
382 3864 447 3913 rex
464 3839 526 3938 pie
545 3838 728 3913 memorie
741 3838 934 3937 Philippus
956 3837 1132 3951 quolibet
1140 3861 1237 3911 anno

144 3937 253 4010 ibi
242 3939 506 4012 maurilium
521 3939 600 4012 dari
625 3949 775 4012 centum
801 3963 949 4012 marcas
977 3937 1167 4038 promisit,
1206 3939 1239 4011 si

162 4039 342 4114 romissis
361 4041 545 4140 quispiam
564 4040 667 4115 dives
688 4062 772 4114 esse
790 4040 939 4138 poterit.

162 4193 187 4266 4)
215 4193 278 4248 Hoc
302 4195 331 4248 in
355 4195 429 4248 curia
455 4196 526 4266 apud
552 4193 645 4264 Siuzig
672 4193 750 4249 1207.
774 4191 839 4266 Apr.
856 4193 878 4248 l.
904 4195 1038 4249 celebrata
1058 4193 1158 4248 lactum
1179 4210 1239 4247 esse

162 4268 319 4322 ouieccruut
336 4268 512 4331 recentiores,
532 4267 634 4321 nullius
653 4267 735 4322 lontis
756 4283 883 4338 expresso
903 4266 965 4322 sulti
985 4276 1156 4337 argumento.
