3084 5018
296 493 508 568 HElNRlCI
535 497 814 573 CHRONlCON
839 497 1089 574 LYVONlAE.
1169 502 1237 576 161

141 705 180 767 et
197 694 388 795 fugientes
408 720 474 770 eos
493 700 712 796 persequuti
739 709 828 773 sunt
844 725 914 798 per
939 699 1085 798 plateas
1111 710 1149 773 et
1176 699 1240 771 do-

138 819 238 890 mos,
266 806 303 869 et
323 797 563 872 extrahentes
582 824 648 873 eos
667 800 949 898 interfecerunt,
977 811 1015 874 et
1036 824 1152 897 supra
1178 801 1241 872 do·

139 919 225 968 mos
258 898 505 971 ascendentes
537 910 576 973 et
606 925 720 999 super
749 901 947 999 congeries
979 900 1171 998 lignorum
1199 923 1241 974 se

129 995 399 1095 ‚defendenteS,
426 1011 633 1096 rapuerunt
651 1024 731 1097 e0S,
750 1002 842 1075 etin
863 1025 928 1075 ore
948 1001 1063 1099 gladii
1082 1010 1240 1075 cunctos

138 1097 384 1196 perimentes7
418 1099 559 1172 nemini
584 1125 716 1174 eorum
744 1126 901 1199 parcere
931 1102 1142 1175 voluerunt.
1195 1100 1242 1172 Et

140 1198 338 1272 exilientes
353 1199 532 1274 mulieres
544 1199 864 1297 Gerwanensium‚
879 1227 951 1299 que
967 1202 1114 1300 captive
1130 1203 1240 1276 ductc

139 1298 291 1371 fuerant
306 1301 350 1371 ab
366 1298 627 1396 ostiensibus,
645 1313 916 1400 percusserunt
929 1303 1043 1377 etiam
1056 1302 1138 1398 ipse
1153 1327 1239 1374 cum

138 1397 302 1471 fustibus
335 1398 554 1496 Osilienses,
585 1402 661 1476 iano
689 1413 776 1476 aute
800 1426 1015 1502 percussos,
1052 1402 1240 1476 dicentes:

141 1499 189 1571 Te
200 1501 493 1592 percutiutlleus
511 1501 821 1576 christianorum!
855 1503 903 1575 Et
916 1503 1134 1600 persequuti
1152 1514 1240 1575 sunt

140 1623 209 1673 cos
228 1600 477 1674 Theuthoniei
497 1603 542 1676 de
560 1602 649 1678 villa
667 1603 704 1676 in
724 1629 911 1702 campum,
939 1603 1154 1678 occidentes
1173 1626 1240 1676 eos

138 1724 210 1798 per
229 1725 385 1798 campos
405 1725 524 1799 usque
543 1705 589 1775 ad
607 1704 736 1777 lucum
754 1705 938 1803 ipsorum,
957 1714 995 1777 et
1012 1704 1135 1802 ipsam
1154 1727 1240 1777 san-

139 1810 242 1873 ctam
269 1801 405 1877 silvam
423 1802 594 1901 ipsorum
622 1805 830 1877 multorum
848 1805 1134 1878 interfectorum
1153 1827 1240 1875 suo·
1262 1811 1265 1816 '

1 1953 14 2008 p·
110 1925 226 1974 xrum
253 1901 436 1999 sanguine
461 1904 759 1978 maculaverunt.
803 1905 928 1978 Letthi
946 1928 1036 1978 vero
1057 1904 1155 1976 cirea
1173 1903 1240 1976 vil-

138 2001 218 2074 lam
236 2014 451 2099 sequentes,
478 2003 702 2100 quibusdam
726 2005 957 2102 fugientibus
982 2004 1238 2100 obviaverunt,

141 2111 181 2175 ct
197 2103 423 2176 ventilantes
443 2127 508 2200 eos
534 2103 605 2176 hac
625 2115 662 2178 et
679 2104 779 2202 illac,
806 2106 1075 2179 interfecerunt
1094 2127 1173 2200 eos,
1200 2114 1238 2177 et

140 2203 358 2277 auferentes
378 2226 509 2300 equos
535 2205 702 2278 tulerunt
728 2197 850 2304 spolia
877 2229 1019 2279 eorum.
1069 2203 1239 2279 Reversi-

140 2327 215 2400 que
241 2305 397 2403 suntad
416 2305 543 2376 locum
562 2305 791 2403 certaminis,
818 2316 858 2379 et
874 2316 1101 2403 acceperunt
1118 2328 1237 2402 equos

139 2414 180 2477 et
205 2413 331 2478 vestes
356 2416 394 2477 et
419 2407 575 2503 predam
602 2407 773 2502 multam,
801 2405 971 2504 captivos
997 2415 1123 2478 autem
1152 2429 1237 2477 cum

138 2504 362 2578 mulieribus
390 2515 428 2578 et
453 2505 620 2604 parvulis
640 2506 953 2580 Gerwanensibus
980 2505 1236 2578 restituerunt.

140 2599 217 2677 Sed
243 2629 361 2702 equos
390 2616 429 2679 et
451 2606 566 2678 aliam
592 2606 764 2704 rapinam
791 2616 965 2679 cunctam
991 2604 1238 2678 Theuthonici

140 2728 230 2777 cum
244 2703 390 2778 Letthis
407 2706 593 2803 equaliter
609 2705 707 2780 inter
724 2731 766 2780 se
780 2707 997 2801 diviserunt,
1015 2706 1238 2780 benedicen-

139 2815 200 2879 tes
215 2805 430 2904 Dominum‚
449 2807 513 2903 qui
531 2816 610 2879 tam
624 2806 831 2905 gloriosam
845 2806 1042 2884 victoriam
1061 2807 1106 2879 de
1121 2831 1238 2904 paga·

140 2905 202 2978 nis
228 2905 267 2978 in
291 2931 407 2981 manu
433 2930 642 3005 paucorum
665 2919 843 3006 operatus
862 2918 930 2981 est.
976 2907 1093 2980 Erant
1111 2917 1239 2980 autem

139 3007 427 3080 interfectorum
444 3007 483 3080 in
501 3009 586 3082 loco
600 3007 817 3081 certaminis
836 3007 985 3082 circiter
998 3009 1239 3106 quingentos,

141 3117 181 3180 et
202 3107 269 3179 'alii
287 3108 415 3204 plures
433 3132 502 3206 per
520 3132 675 3205 campos
695 3118 733 3180 et
749 3134 817 3207 per
835 3109 915 3182 vias
934 3119 972 3182 et
991 3108 1077 3180 alibi
1096 3107 1240 3182 cecide·

140 3218 240 3280 runt.
283 3208 338 3279 Ex
356 3209 496 3280 nostris
513 3233 603 3282 vcro
624 3208 840 3283 ceciderunt
858 3210 946 3305 duo,
973 3219 1011 3284 et
1030 3235 1075 3282 ex
1092 3208 1239 3284 Letthis

142 3309 239 3404 duo,
273 3309 391 3382 frater
421 3308 572 3380 Russini
605 3320 642 3382 et
670 3310 788 3382 frater
818 3309 1033 3382 Drivinalde
1064 3310 1109 3382 de
1143 3308 1241 3382 Asti-

141 3432 281 3506 gerwe,
308 3433 437 3483 comes
455 3407 600 3483 iuvenis
620 3409 666 3482 de
692 3409 839 3482 familia
856 3408 1026 3506 episcopi
1053 3408 1239 3505 milesque

141 3509 249 3582 ducis
269 3533 384 3604 unus3
411 3534 572 3606 quorum
590 3508 774 3582 memoria
793 3509 897 3581 sitin
915 3507 1175 3582 benedictione
1203 3519 1241 3582 et

142 3609 271 3682 anime
288 3633 420 3683 eorum
438 3609 678 3706 requiescant
694 3608 733 3682 in
747 3608 909 3682 Christo.
945 3609 1117 3704 Lyvones
1135 3632 1240 3703 veru,

141 3710 205 3807 qui
232 3710 279 3782 ad
303 3710 494 3782 sinistram
521 3709 583 3782 via
605 3709 680 3782 alia
705 3709 886 3808 abierant,
914 3718 952 3783 et
974 3709 1149 3804 Batenos,
1176 3710 1240 3806 qui

141 3811 187 3883 ad
208 3811 379 3884 dextram
404 3809 696 3907 declinaverant,
723 3811 820 3883 sicut
846 3834 916 3884 nec
942 3811 989 3882 ad
1010 3809 1153 3883 bellum
1178 3833 1241 3882 ve-

140 3921 290 4008 nerunt,
317 3909 372 3983 sic
390 3937 460 3985 nec
481 3921 608 4009 partes
630 3910 668 3983 in
692 3910 874 3984 divisione
899 3910 1108 4010 spoliorum
1135 3933 1241 3984 accc·

139 4022 291 4110 parunt,
319 4014 385 4086 sed
409 4014 470 4086 via
493 4035 563 4085 sua
591 4009 731 4086 directa
755 4036 824 4109 per
847 4021 999 4084 noctem
1026 4011 1064 4082 in
1082 4010 1239 4084 llariam

140 4112 343 4209 irruerunt,
371 4122 407 4186 et
425 4136 537 4186 manc
555 4113 656 4185 lacto
675 4111 882 4186 dividentes
902 4111 1109 4186 exercitum
1127 4134 1238 4183 suum

141 4237 212 4312 per
243 4237 376 4286 omnes
407 4213 516 4288 villas
547 4215 814 4311 percusserunt
838 4212 960 4312 viros,
992 4222 1029 4287 et
1058 4211 1240 4286 mulieres
