3104 5012
266 443 481 538 nsrnmcr
507 443 785 519 cuuourcou
811 421 1063 520 urrunnu:
1138 447 1208 522 raa
1313 427 1316 432 ’

22 655 24 740 j
120 656 158 722 et
174 645 357 744 quosdam
383 643 657 744 baptizavimus
675 643 826 741 ibidem,
852 656 902 742 et,
929 645 1095 746 acceptis
1113 644 1212 718 obsi·

22 759 23 762 ’
120 746 225 819 dibus
239 745 366 845 pueris
386 769 531 843 eorum,
549 745 691 822 reversi
704 769 837 820 sumus
854 745 892 819 in
905 746 1111 844 Lyvoniam
1124 770 1211 820 curn

22 885 26 950 '.
122 846 220 920 omni
247 845 362 943 preda
387 855 530 941 nostra,
565 845 687 920 Deum
712 869 780 946 pro
808 847 932 945 gentis
960 847 1083 922 eciarn
1110 845 1211 919 illius

22 961 29 1018 s
122 945 366 1022 conversione
385 946 653 1020 collaudantes.

22 1065 24 1112 i
193 1045 397 1144 Postquam
422 1069 598 1122 reversus
625 1055 684 1120 est
714 1045 900 1120 exercitus
930 1045 1163 1143 Lyvonensis
1190 1071 1212 1120 a
1221 1053 1274 1195 gt.)

22 1173 24 1246 ξ
122 1145 291 1242 (iernen,
318 1147 447 1220 statim
472 1146 738 1246 Nogardenses
761 1145 799 1218 in
818 1146 1109 1246 quadragesima
1127 1171 1213 1220 con·
1244 1140 1302 1195 ὼ·

23 1299 24 1304 ,
121 1257 374 1345 gregaverunt
391 1247 596 1321 exercitum
615 1271 797 1345 magnum
822 1247 1092 1343 Ruthenorum7
1120 1247 1214 1321 ibat·

22 1415 24 1418 .
122 1371 193 1444 que
217 1371 306 1420 cum
330 1347 386 1422 eis
412 1371 479 1422 nex
503 1347 765 1421 Woldemarus
792 1347 838 1420 de
862 1345 1100 1423 Plescekowe
1126 1373 1214 1424 cum
1281 1407 1286 1414 ,

22 1507 24 1512 ,
122 1447 263 1522 civibus
294 1446 391 1543 suis,
430 1457 478 1527 et¹
499 1448 682 1522 miserunt
712 1448 869 1520 nuncios
899 1474 968 1547 per
998 1449 1214 1524 universam

22 1585 24 1602 ν
121 1547 328 1642 Εεῐοηίειυι,
357 1558 398 1621 ut
422 1547 593 1622 venirent
616 1549 662 1620 ad
688 1547 923 1623 obsidionem
941 1548 1216 1624 Theuthonico·

121 1672 203 1722 rum
223 1657 263 1722 et
287 1647 569 1746 Ugaunensium
593 1646 830 1746 in'0dempe.
872 1648 920 1720 Et
936 1659 1121 1723 venerunt
1137 1675 1214 1722 non

22 1827 24 1832 ,
121 1758 197 1820 tarn
215 1747 425 1822 Osilienses
444 1759 482 1822 et
495 1747 678 1821 Hariones
697 1772 810 1844 quarn
829 1747 949 1822 eciam
964 1748 1215 1823 Saccalanen·

22 1889 23 1946 j
122 1871 181 1922 ses
206 1847 452 1929 iamdudum
483 1847 678 1946 baptizati,
709 1859 905 1946 sperantes
927 1849 1063 1948 ¹iugum
1094 1850 1215 1927 Thcu·

22 1993 24 2044 5
121 1948 361 2021 thonicorum
379 1949 492 2022 simul
511 1959 549 2022 et
575 1947 803 2046 baptismum
830 1973 961 2022 eorum
988 1951 1114 2023 taliter
1132 1975 1154 2024 a
1172 1973 1215 2024 se

22 2085 24 2126 ?
122 2072 329 2122 removere.
366 2048 414 2120 Et
432 2058 677 2122 occurrerunt
703 2049 896 2146 Ruthenis‚
924 2060 961 2123 et
988 2051 1217 2124 obsederunt

22 2237 23 2240 Ἴ
123 2149 233 2222 simul
266 2148 436 2222 cumeis
461 2159 630 2226 castrum
654 2147 847 2247 Odernpe,
886 2159 924 2224 et
953 2149 1217 2249 pugnaverunt

22 2267 23 2274 ³
123 2273 207 2322 oum
225 2247 509 2345 Theuthonicis‚
535 2260 573 2322 et
596 2247 659 2346 qui
686 2274 772 2322 oum
797 2249 853 2323 eis
878 2261 998 2347 erant,
1023 2252 1155 2325 decem
1179 2260 1218 2325 et

123 2360 271 2448 septem
302 2349 448 2443 diebus,
484 2357 522 2422 et
551 2373 627 2420 non
657 2359 831 2446 poterant
861 2349 916 2424 eis
947 2375 1108 2441 nocero*
1129 2375 1215 2424 cum

22 2541 24 2546 Ι
123 2460 291 2526 castrum
308 2448 422 2522 luerit
438 2448 709 2521 firmissimum.
754 2448 829 2523 Sed
847 2449 916 2523 viri
935 2450 1121 2562 sagittarii
1141 2451 1219 2548 epi·

123 2549 240 2648 scopi,
270 2550 331 2646 qui
359 2558 467 2623 erant
493 2549 530 2621 in
557 2559 695 2645 castro,
722 2559 760 2622 et
786 2551 922 2624 fratres
946 2550 1097 2648 mrlicie‚
1123 2551 1217 2622 mul-

22 2677 23 2682 *
123 2659 181 2723 tos
206 2650 457 2742 vulnerabant
483 2675 529 2723 ex
554 2647 735 2722 Ruthenis
760 2659 798 2723 et
823 2650 1096 2726 interficiebant
1126 2650 1217 2724 bali-

123 2749 189 2823 stis
207 2750 301 2823 suis.
337 2749 519 2824 Similiter
540 2748 701 2823 Rutheni
719 2749 868 2848 sagittis
887 2775 1042 2824 arcuum
1061 2775 1216 2824 suorum

124 2851 309 2947 quosdam
341 2851 388 2925 de
419 2861 543 2922 castro
573 2850 830 2924 vulnerabant.
889 2850 937 2923 Et
966 2851 1218 2926 circuiverunt

125 2950 287 3026 Rutheni
315 2975 383 3049 per
406 2949 637 3049 provincias,
668 2961 706 3024 et
732 2951 1098 3049 comprehenderunt
1123 2952 1219 3025 mul-

125 3060 196 3147 tos,
216 3062 255 3125 et
268 3050 536 3125 interficientes
555 3076 635 3148 eos,
653 3050 892 3150 proiecerunt
905 3076 1066 3151 corpora
1084 3077 1218 3127 eorum

22 3187 24 3198 ·
124 3150 161 3223 in
181 3175 333 3248 aquam,
351 3176 425 3247 que
444 3163 526 3225 erat
542 3152 580 3224 in
593 3155 689 3251 pede
708 3152 859 3248 montis,
878 3162 919 3224 ut
937 3178 1010 3226 non
1026 3152 1220 3234 haurirent

126 3276 170 3324 cx
197 3276 244 3325 ea
272 3251 334 3348 qui
353 3261 461 3325 erant
477 3252 515 3324 in
534 3264 670 3326 castro.
706 3251 754 3324 Et
770 3253 942 3326 lecerunt
960 3253 1086 3325 omnia
1105 3252 1220 3348 mala,

126 3376 196 3448 que
215 3361 433 3450 potuerunt,
451 3364 642 3426 vastantes
662 3361 700 3425 et
716 3351 958 3425 incendentes
976 3377 1129 3424 ornnem
1146 3362 1220 3425 ter-

76 3513 79 3521 ,
124 3473 206 3524 ram
237 3451 277 3524 in
307 3450 475 3525 circuitu.
528 3453 575 3524 Et
600 3452 824 3549 quandoque
850 3475 956 3526 more
983 3475 1052 3524 suo
1081 3451 1220 3530 montis

22 3561 24 3566 '
126 3552 376 3626 munitionem
396 3575 482 3626 oum
504 3552 606 3626 omni
626 3551 864 3626 multitudine
882 3575 950 3624 sua
968 3552 1221 3625 conscendere

126 3662 323 3748 conantes,
357 3677 379 3726 a
406 3650 675 3727 Theuthonicis
700 3663 738 3726 et
764 3649 967 3726 Estonibus
994 3651 1142 3726 fortiter
1164 3675 1222 3725 re·

125 3752 226 3850 pulsi
245 3762 344 3826 sunt.
389 3753 494 3828 Unde
512 3753 718 3827 multorum
744 3751 911 3826 virorum
937 3775 1091 3825 suorum
1110 3751 1223 3826 inter·
1335 3755 1337 3758 ’

126 3853 332 3926 factionem
346 3853 482 3927 ibidem
498 3853 643 3953 experti
658 3864 755 3926 sunt.
788 3851 835 3924 Et
848 3851 1042 3927 audientes
1049 3849 1221 3950 episcopi

126 3976 212 4026 cum
231 3952 411 4026 fratribus
430 3952 569 4028 milicie
592 3977 749 4027 suorum
767 3950 1014 4048 obsidionem,
1040 3953 1224 4026 miserunt

127 4050 164 4125 in
183 4052 368 4125 auxilium
395 4053 450 4128 eis
477 4053 626 4127 circiter
652 4053 724 4126 tria
748 4051 851 4125 milia
869 4052 1046 4126 virorum.
1082 4052 1129 4125 Et
1147 4051 1224 4124 ibat

125 4151 335 4250 Volquinus
353 4154 535 4253 magister
553 4153 692 4227 milicie
713 4177 800 4227 cum
819 4153 887 4250 eis,
906 4165 943 4228 et
960 4153 1159 4227 Bertoldus
1179 4153 1225 4225 de
