3016 5016
295 469 390 608 “so
493 521 709 600 narnium
734 519 1010 597 cuaourcou
1035 517 1288 594 mvouma.

342 731 559 805 nunciorum
578 724 623 799 de
639 727 719 798 suis
735 721 995 798 munitionibus
1019 720 1151 819 eyredi.
1204 719 1316 796 Decet
1342 743 1464 794 nanc·

345 851 412 928 que
437 826 530 902 toles
556 832 592 900 et
615 823 745 898 talium
770 827 923 899 nuncios
940 849 1008 898 nos
1025 827 1063 897 in
1081 825 1226 896 doitote
1242 828 1381 896 nostra
1404 823 1464 894 in·

344 930 475 1024 venire,
494 926 556 1000 ndi
573 950 598 998 o
616 923 721 999 nodis
735 932 772 997 et
787 949 812 998 o
825 927 961 1000 nostris
974 926 1085 1020 recipi
1099 924 1245 1018 possint
1259 921 1462 995 honestius

344 1039 380 1106 et
397 1029 565 1104 tracturi.
608 1025 758 1100 Veniant
774 1049 859 1121 erpo
878 1024 988 1100 nichil
1005 1031 1201 1100 metuentes
1218 1021 1283 1097 sed
1296 1021 1462 1097 honeste

346 1127 543 1207 tractandi.
609 1129 639 1201 Α
668 1129 945 1224 propinquante
979 1125 1039 1200 die
1073 1133 1237 1220 statuto,
1271 1123 1462 1221 Lyvones

347 1230 482 1323 armati
507 1229 553 1302 ad
581 1153 811 1326 colloquium
839 1226 942 1300 iuxta
967 1224 1123 1300 fluvium
1147 1225 1319 1324 Wogene
1344 1225 1461 1298 colli·

348 1342 498 1433 guntur.
551 1327 730 1404 Seniores
763 1327 877 1403 etiam
903 1327 950 1401 de
976 1336 1100 1401 castro
1128 1324 1282 1424 Holme,
1321 1325 1460 1400 tocius

348 1431 438 1506 mali
458 1429 719 1527 exquisitoren
738 1428 783 1500 ad
803 1451 869 1502 eos
884 1426 1035 1542 navigio
1050 1427 1260 1501 ascendunt
1277 1435 1314 1500 et
1329 1426 1460 1526 appli-

349 1543 478 1608 cantes
497 1530 542 1603 ad
562 1538 729 1604 castrum
746 1528 956 1604 Yhescolae
975 1552 1079 1628 ipsos
1097 1551 1228 1602 secum
1245 1537 1402 1601 vocant.

290 1631 339 1717 (5.)
424 1630 670 1706 Considerata
689 1629 804 1729 igitur
822 1629 964 1704 astucia
982 1629 1176 1726 Lyvonum
1195 1627 1457 1702 Theuthonici

339 1732 555 1820 ascendere
579 1741 767 1828 recusant,
795 1731 861 1805 sed
890 1730 945 1802 illi
971 1741 1120 1844 ceptam
1138 1729 1239 1803 viam
1258 1737 1459 1828 peragunt

350 1845 492 1910 etcum
511 1833 589 1906 suis
608 1831 868 1931 compatriotis
887 1832 933 1906 de
951 1829 1241 1904 christianorum
1260 1829 1468 1905 eiectione'

350 1943 523 2009 tractant.
576 1931 729 2006 Interim
756 1931 1032 2006 Yhescolenses
1059 1931 1133 2005 duo
1165 1956 1212 2005 ex
1242 1929 1456 2029 neophitis,

349 2035 525 2110 videlicet
537 2032 722 2128 Kyrianus
738 2043 776 2107 et
788 2033 976 2131 Layanus,
996 2032 1223 2128 Conradum,
1243 2031 1303 2128 qui
1320 2035 1455 2105 castro

351 2135 502 2237 prefuit,
529 2143 664 2232 rogant
691 2158 803 2231 quam
823 2133 965 2231 intime,
992 2133 1168 2232 quatinus
1196 2157 1262 2207 eos
1288 2156 1456 2232 congre·

350 2235 501 2336 gaoioni
522 2234 715 2330 Lyvonum
736 2234 921 2309 interesse
939 2234 1144 2332 permittat,
1164 2233 1298 2319 utvisa
1313 2257 1454 2307 eorum

352 2334 558 2438 pertinacia
584 2333 808 2410 renunciare
835 2333 1000 2434 possint,
1036 2359 1130 2433 quas
1155 2344 1287 2409 contra
1315 2333 1456 2409 fideles

352 2435 492 2517 Christi
537 2435 837 2511 machinationes
882 2436 1126 2534 protendant,
1183 2445 1457 2534 presumentes

353 2549 478 2612 autem
506 2538 551 2611 de
578 2546 893 2636 cognatorumret
923 2537 1132 2610 amicorum
1163 2535 1457 2630 numerositate,

350 2638 555 2715 terribilem
586 2636 825 2712 inimicorum
852 2637 974 2716 aciem
1001 2639 1104 2712 adire
1131 2663 1206 2710 non
1230 2637 1455 2710 formidant.

352 2738 462 2830 Quod
489 2738 646 2811 stultum
676 2737 786 2812 valde
812 2737 1008 2811 Corradus
1033 2739 1336 2813 animadvertens
1363 2761 1456 2836 pro·

352 2851 438 2940 pter
455 2837 716 2911 multimodam
729 2839 925 2935 Lyvonum
943 2839 1133 2913 maliciam
1151 2839 1233 2914 fieri
1251 2837 1455 2932 dissuasit5

354 2939 420 3015 sed
447 2962 579 3034 eorum
607 2938 760 3012 instanti
778 2964 892 3038 prece
913 2939 1035 3013 victus
1055 2964 1121 3014 eos
1145 2940 1247 3020 abire
1264 2939 1453 3038 permisit.

353 3038 520 3138 Ingressi
531 3038 710 3140 placitum
720 3040 1318 3139 statimcapiunturasenioribus‚
1334 3039 1454 3115 iidem
1487 3073 1488 3077 ¹

355 3139 494 3214 Christi
520 3150 750 3239 postponere
776 3151 813 3214 et
836 3141 1104 3214 Theuthonieis
1131 3140 1354 3241 renunciare
1389 3165 1456 3215 eo·

355 3251 504 3348 guntur.
565 3239 636 3328 Qui
665 3251 884 3315 constantes
917 3241 954 3314 in
988 3241 1188 3316 dilectione
1225 3241 1294 3316 Dei
1333 3239 1454 3314 iidem

355 3351 570 3440 susceptam
596 3364 637 3414 se
657 3341 758 3414 omni
776 3341 941 3416 caritatis
959 3343 1098 3417 affectu
1117 3343 1346 3441 amplectere
1364 3364 1457 3440 pro·

353 3442 520 3538 fitentur,
539 3445 583 3515 ab
604 3465 734 3516 amore
753 3452 791 3516 et
808 3443 991 3517 societate
1004 3442 1294 3517 christianorum
1309 3452 1454 3516 testan-

353 3553 416 3616 tur
441 3543 544 3616 nulla
572 3567 638 3617 eos
665 3567 779 3640 posse
803 3567 942 3642 genera
961 3553 1237 3618 tormentorum
1256 3567 1448 3641 separare.

353 3645 460 3719 Unde
490 3643 667 3716 nimirum
698 3643 818 3718 eciam
850 3656 1098 3743 cognatorum
1129 3655 1276 3718 tantum
1312 3645 1349 3718 in
1381 3667 1454 3718 eos

355 3743 520 3822 excrevit
538 3743 677 3838 odium,
697 3755 738 3817 ut
756 3745 888 3819 exinde
907 3745 1028 3818 maius
1044 3757 1145 3821 esset
1163 3745 1290 3819 odium
1305 3769 1453 3842 amore7

355 3869 429 3942 quo
449 3853 536 3918 ante
554 3844 771 3920 dilexerant.
807 3845 902 3919 Hinc
921 3849 1096 3944 estquod
1123 3846 1314 3920 communi
1330 3846 1452 3943 Lyvo·
1471 3885 1473 3888 ·

355 3953 446 4017 num
470 3945 760 4044 conspiratione,
786 3946 913 4045 ligatis
938 3946 1038 4021 circa
1063 3949 1179 4047 pedes
1206 3949 1356 4020 funibus
1381 3969 1450 4044 per

355 4044 521 4119 medium
545 4057 632 4135 sunt
650 4047 854 4121 dilacerati.
908 4047 1010 4136 Quos
1030 4047 1223 4123 acerrimis
1242 4048 1348 4147 penis
1368 4046 1455 4120 affi-

355 4146 509 4243 cientes
536 4147 681 4222 viscera
707 4148 958 4246 extrahentes³
986 4167 1095 4224 crura
1121 4159 1158 4226 et
1183 4148 1336 4224 brachia
1361 4148 1450 4221 dila-

355 4259 598 4344 ceraverunt,
630 4250 675 4324 de
701 4248 835 4346 quibus
860 4273 935 4322 non
962 4261 1020 4324 est
1050 4250 1215 4349 dubium,
1247 4250 1335 4349 quin
1363 4273 1453 4322 cum
