<?xml version="1.0" encoding="UTF-8"?>
<!DOCTYPE html PUBLIC "-//W3C//DTD XHTML 1.0 Transitional//EN"
    "http://www.w3.org/TR/xhtml1/DTD/xhtml1-transitional.dtd">
<html xmlns="http://www.w3.org/1999/xhtml" xml:lang="en" lang="en">
 <head>
  <title>
</title>
<meta http-equiv="Content-Type" content="text/html;charset=utf-8" />
  <meta name='ocr-system' content='tesseract 3.04.00' />
  <meta name='ocr-capabilities' content='ocr_page ocr_carea ocr_par ocr_line ocrx_word'/>
</head>
<body>
  <div class='ocr_page' id='page_1' title='image "./heinricichronic00arndgoog_0107.png"; bbox 0 0 3104 5012; ppageno 0'>
   <div class='ocr_carea' id='block_1_1' title="bbox 236 455 1240 554">
    <p class='ocr_par' dir='ltr' id='par_1_1' title="bbox 236 455 1240 554">
     <span class='ocr_line' id='line_1_1' title="bbox 236 455 1240 554; baseline 0.002 -3"><span class='ocrx_word' id='word_1_1' title='bbox 236 479 476 553; x_wconf 80' lang='lat' dir='ltr'>numici</span> <span class='ocrx_word' id='word_1_2' title='bbox 504 478 781 554; x_wconf 84' lang='lat' dir='ltr'>cunomcon</span> <span class='ocrx_word' id='word_1_3' title='bbox 807 477 1059 554; x_wconf 80' lang='lat' dir='ltr'>urvonuu.</span> <span class='ocrx_word' id='word_1_4' title='bbox 1158 482 1205 554; x_wconf 80' lang='lat'>79</span> <span class='ocrx_word' id='word_1_5' title='bbox 1238 455 1240 458; x_wconf 79' lang='grc'><strong>’</strong></span> 
     </span>
    </p>
   </div>
   <div class='ocr_carea' id='block_1_2' title="bbox 20 678 1209 4188">
    <p class='ocr_par' dir='ltr' id='par_1_2' title="bbox 20 678 1209 4188">
     <span class='ocr_line' id='line_1_2' title="bbox 20 678 1205 781; baseline 0.003 -29"><span class='ocrx_word' id='word_1_6' title='bbox 20 687 22 776; x_wconf 66' lang='lat' dir='ltr'>f</span> <span class='ocrx_word' id='word_1_7' title='bbox 107 679 338 756; x_wconf 73' lang='lat' dir='ltr'>dictualibus</span> <span class='ocrx_word' id='word_1_8' title='bbox 358 691 396 754; x_wconf 93' lang='lat' dir='ltr'>et</span> <span class='ocrx_word' id='word_1_9' title='bbox 414 705 572 753; x_wconf 87' lang='lat' dir='ltr'>annona.</span> <span class='ocrx_word' id='word_1_10' title='bbox 610 678 681 768; x_wconf 88' lang='lat' dir='ltr'>Qui</span> <span class='ocrx_word' id='word_1_11' title='bbox 702 692 834 755; x_wconf 90' lang='lat' dir='ltr'>euntes</span> <span class='ocrx_word' id='word_1_12' title='bbox 849 706 918 781; x_wconf 89' lang='lat' dir='ltr'>per</span> <span class='ocrx_word' id='word_1_13' title='bbox 932 706 1064 754; x_wconf 91' lang='lat' dir='ltr'>omnes</span> <span class='ocrx_word' id='word_1_14' title='bbox 1082 679 1205 774; x_wconf 79' lang='lat' dir='ltr'>villae,</span> 
     </span>
     <span class='ocr_line' id='line_1_3' title="bbox 108 780 1206 880; baseline -0.001 -28.074"><span class='ocrx_word' id='word_1_15' title='bbox 108 780 252 853; x_wconf 93' lang='lat' dir='ltr'>multos</span> <span class='ocrx_word' id='word_1_16' title='bbox 279 805 517 879; x_wconf 85' lang='lat' dir='ltr'>paganorum</span> <span class='ocrx_word' id='word_1_17' title='bbox 545 780 763 854; x_wconf 91' lang='lat' dir='ltr'>occiderunt</span> <span class='ocrx_word' id='word_1_18' title='bbox 790 792 827 854; x_wconf 90' lang='lat' dir='ltr'>et</span> <span class='ocrx_word' id='word_1_19' title='bbox 854 781 949 854; x_wconf 89' lang='lat' dir='ltr'>alios</span> <span class='ocrx_word' id='word_1_20' title='bbox 971 781 1139 880; x_wconf 86' lang='lat' dir='ltr'>captivos</span> <span class='ocrx_word' id='word_1_21' title='bbox 1160 782 1206 853; x_wconf 90' lang='lat' dir='ltr'>ad</span> 
     </span>
     <span class='ocr_line' id='line_1_4' title="bbox 20 881 1209 975; baseline 0.001 -23"><span class='ocrx_word' id='word_1_22' title='bbox 20 897 22 952; x_wconf 70' lang='lat' dir='ltr'>i</span> <span class='ocrx_word' id='word_1_23' title='bbox 109 891 278 954; x_wconf 84' lang='lat' dir='ltr'><strong>castrum</strong></span> <span class='ocrx_word' id='word_1_24' title='bbox 297 881 542 954; x_wconf 87' lang='lat' dir='ltr'>adduxerunt.</span> <span class='ocrx_word' id='word_1_25' title='bbox 579 881 682 952; x_wconf 89' lang='lat' dir='ltr'>Tunc</span> <span class='ocrx_word' id='word_1_26' title='bbox 699 881 897 954; x_wconf 88' lang='lat' dir='ltr'>Bertoldus</span> <span class='ocrx_word' id='word_1_27' title='bbox 917 883 963 954; x_wconf 92' lang='lat' dir='ltr'>de</span> <span class='ocrx_word' id='word_1_28' title='bbox 980 883 1151 975; x_wconf 84' lang='lat' dir='ltr'>Wenden</span> <span class='ocrx_word' id='word_1_29' title='bbox 1170 892 1209 955; x_wconf 92' lang='lat' dir='ltr'>et</span> 
     </span>
     <span class='ocr_line' id='line_1_5' title="bbox 20 977 1206 1076; baseline 0.002 -24"><span class='ocrx_word' id='word_1_30' title='bbox 20 1013 24 1064; x_wconf 60' lang='lat' dir='ltr'>r</span> <span class='ocrx_word' id='word_1_31' title='bbox 107 981 293 1054; x_wconf 90' lang='lat' dir='ltr'>Russinus</span> <span class='ocrx_word' id='word_1_32' title='bbox 327 1005 412 1053; x_wconf 90' lang='lat' dir='ltr'>cum</span> <span class='ocrx_word' id='word_1_33' title='bbox 440 980 524 1055; x_wconf 93' lang='lat' dir='ltr'>aliis</span> <span class='ocrx_word' id='word_1_34' title='bbox 551 977 669 1072; x_wconf 81' lang='lat' dir='ltr'>L&#39;ettis</span> <span class='ocrx_word' id='word_1_35' title='bbox 698 992 736 1054; x_wconf 90' lang='lat' dir='ltr'>et</span> <span class='ocrx_word' id='word_1_36' title='bbox 762 980 972 1054; x_wconf 90' lang='lat' dir='ltr'>senioribus</span> <span class='ocrx_word' id='word_1_37' title='bbox 998 1006 1084 1052; x_wconf 92' lang='lat' dir='ltr'>cum</span> <span class='ocrx_word' id='word_1_38' title='bbox 1108 981 1206 1076; x_wconf 82' lang='lat' dir='ltr'>aliis,</span> 
     </span>
     <span class='ocr_line' id='line_1_6' title="bbox 20 1079 1206 1179; baseline 0 -27"><span class='ocrx_word' id='word_1_39' title='bbox 20 1079 22 1112; x_wconf 71' lang='lat'>³</span> <span class='ocrx_word' id='word_1_40' title='bbox 109 1081 279 1178; x_wconf 88' lang='lat' dir='ltr'>acceptis</span> <span class='ocrx_word' id='word_1_41' title='bbox 306 1080 465 1179; x_wconf 87' lang='lat' dir='ltr'>captivis</span> <span class='ocrx_word' id='word_1_42' title='bbox 493 1080 684 1176; x_wconf 79' lang='lat' dir='ltr'>ornnibuS,</span> <span class='ocrx_word' id='word_1_43' title='bbox 722 1082 945 1154; x_wconf 89' lang='lat' dir='ltr'>accedentes</span> <span class='ocrx_word' id='word_1_44' title='bbox 972 1081 1133 1153; x_wconf 92' lang='lat' dir='ltr'>vicinius</span> <span class='ocrx_word' id='word_1_45' title='bbox 1160 1082 1206 1152; x_wconf 91' lang='lat' dir='ltr'>ad</span> 
     </span>
     <span class='ocr_line' id='line_1_7' title="bbox 20 1179 1207 1278; baseline 0.001 -27"><span class='ocrx_word' id='word_1_46' title='bbox 20 1181 22 1272; x_wconf 79' lang='lat' dir='ltr'>j</span> <span class='ocrx_word' id='word_1_47' title='bbox 110 1191 298 1254; x_wconf 84' lang='lat' dir='ltr'><strong>castrum:</strong></span> <span class='ocrx_word' id='word_1_48' title='bbox 335 1180 388 1276; x_wconf 84' lang='lat' dir='ltr'>Si,</span> <span class='ocrx_word' id='word_1_49' title='bbox 416 1180 546 1278; x_wconf 93' lang='lat' dir='ltr'>inquit,</span> <span class='ocrx_word' id='word_1_50' title='bbox 573 1183 870 1254; x_wconf 79' lang='lat' dir='ltr'>renunciaverttis</span> <span class='ocrx_word' id='word_1_51' title='bbox 895 1181 1037 1253; x_wconf 79' lang='lat' dir='ltr'>culture</span> <span class='ocrx_word' id='word_1_52' title='bbox 1055 1179 1207 1252; x_wconf 75' lang='lat' dir='ltr'>deornm</span> 
     </span>
     <span class='ocr_line' id='line_1_8' title="bbox 20 1278 1208 1368; baseline 0 -16"><span class='ocrx_word' id='word_1_53' title='bbox 20 1293 22 1366; x_wconf 75' lang='grc' dir='ltr'>ξ</span> <span class='ocrx_word' id='word_1_54' title='bbox 108 1287 315 1353; x_wconf 82' lang='lat' dir='ltr'>vestrorum</span> <span class='ocrx_word' id='word_1_55' title='bbox 340 1279 525 1368; x_wconf 77' lang='lat' dir='ltr'>falsorum</span> <span class='ocrx_word' id='word_1_56' title='bbox 549 1288 585 1353; x_wconf 88' lang='lat' dir='ltr'>et</span> <span class='ocrx_word' id='word_1_57' title='bbox 601 1278 787 1356; x_wconf 75' lang='lat' dir='ltr'>nobiscum</span> <span class='ocrx_word' id='word_1_58' title='bbox 807 1284 844 1353; x_wconf 87' lang='lat' dir='ltr'>in</span> <span class='ocrx_word' id='word_1_59' title='bbox 861 1281 976 1353; x_wconf 82' lang='lat' dir='ltr'>Deum</span> <span class='ocrx_word' id='word_1_60' title='bbox 993 1303 1115 1353; x_wconf 75' lang='lat' dir='ltr'>vnum</span> <span class='ocrx_word' id='word_1_61' title='bbox 1133 1304 1208 1352; x_wconf 82' lang='lat' dir='ltr'>cre-</span> 
     </span>
     <span class='ocr_line' id='line_1_9' title="bbox 109 1379 1206 1480; baseline 0.003 -28.775"><span class='ocrx_word' id='word_1_62' title='bbox 109 1379 194 1453; x_wconf 86' lang='lat' dir='ltr'>dere</span> <span class='ocrx_word' id='word_1_63' title='bbox 211 1382 410 1476; x_wconf 81' lang='lat' dir='ltr'>volueritis,</span> <span class='ocrx_word' id='word_1_64' title='bbox 436 1379 539 1454; x_wconf 85' lang='lat' dir='ltr'>vobis</span> <span class='ocrx_word' id='word_1_65' title='bbox 557 1383 721 1480; x_wconf 86' lang='lat' dir='ltr'>captivos</span> <span class='ocrx_word' id='word_1_66' title='bbox 738 1385 829 1455; x_wconf 83' lang='lat' dir='ltr'>istos</span> <span class='ocrx_word' id='word_1_67' title='bbox 845 1383 946 1455; x_wconf 82' lang='lat' dir='ltr'>vivos</span> <span class='ocrx_word' id='word_1_68' title='bbox 964 1384 1206 1476; x_wconf 63' lang='lat' dir='ltr'>restituentis,</span> 
     </span>
     <span class='ocr_line' id='line_1_10' title="bbox 20 1480 1208 1578; baseline 0.003 -26"><span class='ocrx_word' id='word_1_69' title='bbox 20 1509 22 1578; x_wconf 58' lang='lat'><em>3</em></span> <span class='ocrx_word' id='word_1_70' title='bbox 110 1487 142 1552; x_wconf 87' lang='lat' dir='ltr'>et</span> <span class='ocrx_word' id='word_1_71' title='bbox 158 1505 225 1554; x_wconf 82' lang='lat' dir='ltr'>vos</span> <span class='ocrx_word' id='word_1_72' title='bbox 245 1485 282 1554; x_wconf 82' lang='lat' dir='ltr'>in</span> <span class='ocrx_word' id='word_1_73' title='bbox 300 1484 549 1569; x_wconf 77' lang='lat' dir='ltr'><strong><em>fraternitatis</em></strong></span> <span class='ocrx_word' id='word_1_74' title='bbox 568 1484 725 1554; x_wconf 84' lang='lat' dir='ltr'>caritate</span> <span class='ocrx_word' id='word_1_75' title='bbox 737 1480 925 1555; x_wconf 81' lang='lat' dir='ltr'>nobiscum</span> <span class='ocrx_word' id='word_1_76' title='bbox 942 1481 1086 1555; x_wconf 83' lang='lat' dir='ltr'>vinculo</span> <span class='ocrx_word' id='word_1_77' title='bbox 1100 1484 1208 1575; x_wconf 76' lang='lat' dir='ltr'>pacis</span> 
     </span>
     <span class='ocr_line' id='line_1_11' title="bbox 20 1580 1207 1678; baseline 0.002 -26"><span class='ocrx_word' id='word_1_78' title='bbox 20 1665 22 1678; x_wconf 36' lang='grc' dir='ltr'>Ι</span> <span class='ocrx_word' id='word_1_79' title='bbox 110 1580 374 1677; x_wconf 72' lang='lat' dir='ltr'>collipabimns.</span> <span class='ocrx_word' id='word_1_80' title='bbox 410 1583 458 1654; x_wconf 81' lang='lat' dir='ltr'>At</span> <span class='ocrx_word' id='word_1_81' title='bbox 477 1581 531 1653; x_wconf 91' lang='lat' dir='ltr'>illi</span> <span class='ocrx_word' id='word_1_82' title='bbox 550 1581 672 1654; x_wconf 89' lang='lat' dir='ltr'>Deum</span> <span class='ocrx_word' id='word_1_83' title='bbox 691 1606 736 1654; x_wconf 89' lang='lat' dir='ltr'>ac</span> <span class='ocrx_word' id='word_1_84' title='bbox 757 1607 896 1655; x_wconf 91' lang='lat' dir='ltr'>nomen</span> <span class='ocrx_word' id='word_1_85' title='bbox 916 1581 1207 1654; x_wconf 89' lang='lat' dir='ltr'>christianorum</span> 
     </span>
     <span class='ocr_line' id='line_1_12' title="bbox 20 1681 1208 1780; baseline 0.001 -28"><span class='ocrx_word' id='word_1_86' title='bbox 20 1707 21 1774; x_wconf 69' lang='lat'>3</span> <span class='ocrx_word' id='word_1_87' title='bbox 111 1681 269 1756; x_wconf 86' lang='lat' dir='ltr'>omnino¹</span> <span class='ocrx_word' id='word_1_88' title='bbox 296 1681 426 1755; x_wconf 88' lang='lat' dir='ltr'>audire</span> <span class='ocrx_word' id='word_1_89' title='bbox 453 1681 721 1780; x_wconf 81' lang='lat' dir='ltr'>dedignantes,</span> <span class='ocrx_word' id='word_1_90' title='bbox 742 1682 882 1756; x_wconf 92' lang='lat' dir='ltr'>bellum</span> <span class='ocrx_word' id='word_1_91' title='bbox 909 1682 1033 1780; x_wconf 84' lang='lat' dir='ltr'>magis</span> <span class='ocrx_word' id='word_1_92' title='bbox 1054 1681 1208 1755; x_wconf 91' lang='lat' dir='ltr'>commi·</span> 
     </span>
     <span class='ocr_line' id='line_1_13' title="bbox 20 1781 1208 1881; baseline 0.002 -29"><span class='ocrx_word' id='word_1_93' title='bbox 20 1783 22 1862; x_wconf 71' lang='grc' dir='ltr'>ξ</span> <span class='ocrx_word' id='word_1_94' title='bbox 110 1792 260 1877; x_wconf 90' lang='lat' dir='ltr'>nantur,</span> <span class='ocrx_word' id='word_1_95' title='bbox 287 1783 401 1855; x_wconf 91' lang='lat' dir='ltr'>armis</span> <span class='ocrx_word' id='word_1_96' title='bbox 427 1781 785 1878; x_wconf 89' lang='lat' dir='ltr'>Theuthonicorum,</span> <span class='ocrx_word' id='word_1_97' title='bbox 813 1807 886 1880; x_wconf 88' lang='lat' dir='ltr'>que</span> <span class='ocrx_word' id='word_1_98' title='bbox 914 1782 951 1854; x_wconf 93' lang='lat' dir='ltr'>in</span> <span class='ocrx_word' id='word_1_99' title='bbox 969 1782 1093 1881; x_wconf 92' lang='lat' dir='ltr'>primo</span> <span class='ocrx_word' id='word_1_100' title='bbox 1123 1806 1208 1854; x_wconf 92' lang='lat' dir='ltr'>con·</span> 
     </span>
     <span class='ocr_line' id='line_1_14' title="bbox 20 1878 1206 1980; baseline 0.001 -29"><span class='ocrx_word' id='word_1_101' title='bbox 20 1941 22 1980; x_wconf 69' lang='lat'>,</span> <span class='ocrx_word' id='word_1_102' title='bbox 110 1878 214 1954; x_wconf 87' lang='lat' dir='ltr'>llictu</span> <span class='ocrx_word' id='word_1_103' title='bbox 248 1883 287 1954; x_wconf 91' lang='lat' dir='ltr'>in</span> <span class='ocrx_word' id='word_1_104' title='bbox 317 1893 428 1979; x_wconf 90' lang='lat' dir='ltr'>porta</span> <span class='ocrx_word' id='word_1_105' title='bbox 460 1883 572 1955; x_wconf 85' lang='lat' dir='ltr'><strong><em>castri</em></strong></span> <span class='ocrx_word' id='word_1_106' title='bbox 604 1893 827 1980; x_wconf 73' lang='lat' dir='ltr'>rapuerant,</span> <span class='ocrx_word' id='word_1_107' title='bbox 863 1883 1068 1955; x_wconf 91' lang='lat' dir='ltr'>induuntur</span> <span class='ocrx_word' id='word_1_108' title='bbox 1099 1892 1137 1955; x_wconf 90' lang='lat' dir='ltr'>et</span> <span class='ocrx_word' id='word_1_109' title='bbox 1168 1881 1206 1952; x_wconf 94' lang='lat' dir='ltr'>in</span> 
     </span>
     <span class='ocr_line' id='line_1_15' title="bbox 20 1981 1207 2081; baseline 0.002 -29"><span class='ocrx_word' id='word_1_110' title='bbox 20 1983 26 2010; x_wconf 44' lang='lat' dir='ltr'>l</span> <span class='ocrx_word' id='word_1_111' title='bbox 111 1981 330 2055; x_wconf 91' lang='lat' dir='ltr'>summitate</span> <span class='ocrx_word' id='word_1_112' title='bbox 343 1982 462 2055; x_wconf 89' lang='lat' dir='ltr'>castri</span> <span class='ocrx_word' id='word_1_113' title='bbox 488 1981 709 2081; x_wconf 67' lang='lat' dir='ltr'>gloriantur,</span> <span class='ocrx_word' id='word_1_114' title='bbox 737 1984 783 2055; x_wconf 94' lang='lat' dir='ltr'>ad</span> <span class='ocrx_word' id='word_1_115' title='bbox 808 2007 977 2081; x_wconf 86' lang='lat' dir='ltr'>pugnam</span> <span class='ocrx_word' id='word_1_116' title='bbox 1004 2007 1046 2055; x_wconf 91' lang='lat' dir='ltr'>se</span> <span class='ocrx_word' id='word_1_117' title='bbox 1073 2007 1207 2080; x_wconf 90' lang='lat' dir='ltr'>prepa-</span> 
     </span>
     <span class='ocr_line' id='line_1_16' title="bbox 20 2081 1208 2180; baseline 0.001 -28"><span class='ocrx_word' id='word_1_118' title='bbox 20 2141 51 2170; x_wconf 49' lang='lat'><em>„</em></span> <span class='ocrx_word' id='word_1_119' title='bbox 109 2093 204 2180; x_wconf 89' lang='lat' dir='ltr'>rant,</span> <span class='ocrx_word' id='word_1_120' title='bbox 244 2094 283 2156; x_wconf 91' lang='lat' dir='ltr'>et</span> <span class='ocrx_word' id='word_1_121' title='bbox 309 2082 475 2156; x_wconf 90' lang='lat' dir='ltr'>clamore</span> <span class='ocrx_word' id='word_1_122' title='bbox 499 2107 568 2155; x_wconf 92' lang='lat' dir='ltr'>suo</span> <span class='ocrx_word' id='word_1_123' title='bbox 599 2083 805 2156; x_wconf 85' lang='lat' dir='ltr'>exercitum</span> <span class='ocrx_word' id='word_1_124' title='bbox 832 2083 1097 2156; x_wconf 88' lang='lat' dir='ltr'>subsannando</span> <span class='ocrx_word' id='word_1_125' title='bbox 1126 2081 1208 2155; x_wconf 90' lang='lat' dir='ltr'>irri-</span> 
     </span>
     <span class='ocr_line' id='line_1_17' title="bbox 20 2182 1209 2283; baseline 0.002 -31"><span class='ocrx_word' id='word_1_126' title='bbox 20 2231 30 2264; x_wconf 36' lang='grc' dir='ltr'>,ι</span> <span class='ocrx_word' id='word_1_127' title='bbox 112 2182 208 2254; x_wconf 90' lang='lat' dir='ltr'>dent.</span> <span class='ocrx_word' id='word_1_128' title='bbox 255 2183 437 2256; x_wconf 90' lang='lat' dir='ltr'>Russinus</span> <span class='ocrx_word' id='word_1_129' title='bbox 466 2192 594 2256; x_wconf 90' lang='lat' dir='ltr'>autem</span> <span class='ocrx_word' id='word_1_130' title='bbox 613 2194 651 2256; x_wconf 91' lang='lat' dir='ltr'>et</span> <span class='ocrx_word' id='word_1_131' title='bbox 666 2183 764 2256; x_wconf 91' lang='lat' dir='ltr'>Letti</span> <span class='ocrx_word' id='word_1_132' title='bbox 790 2182 1074 2283; x_wconf 83' lang='lat' dir='ltr'>comprehensis</span> <span class='ocrx_word' id='word_1_133' title='bbox 1094 2183 1209 2282; x_wconf 89' lang='lat' dir='ltr'>capti-</span> 
     </span>
     <span class='ocr_line' id='line_1_18' title="bbox 20 2267 1209 2380; baseline 0.002 -28"><span class='ocrx_word' id='word_1_134' title='bbox 20 2267 23 2294; x_wconf 58' lang='lat'><em>*</em></span> <span class='ocrx_word' id='word_1_135' title='bbox 110 2280 164 2354; x_wconf 87' lang='lat' dir='ltr'>vis</span> <span class='ocrx_word' id='word_1_136' title='bbox 183 2283 359 2356; x_wconf 90' lang='lat' dir='ltr'>omnibus</span> <span class='ocrx_word' id='word_1_137' title='bbox 379 2291 417 2357; x_wconf 90' lang='lat' dir='ltr'>et</span> <span class='ocrx_word' id='word_1_138' title='bbox 439 2282 646 2380; x_wconf 90' lang='lat' dir='ltr'>trucidatis,</span> <span class='ocrx_word' id='word_1_139' title='bbox 675 2283 712 2354; x_wconf 94' lang='lat' dir='ltr'>in</span> <span class='ocrx_word' id='word_1_140' title='bbox 738 2285 926 2357; x_wconf 86' lang='lat' dir='ltr'>fossatum</span> <span class='ocrx_word' id='word_1_141' title='bbox 944 2282 1142 2380; x_wconf 74' lang='lat' dir='ltr'>proiciunt,</span> <span class='ocrx_word' id='word_1_142' title='bbox 1163 2293 1209 2356; x_wconf 88' lang='lat' dir='ltr'>et</span> 
     </span>
     <span class='ocr_line' id='line_1_19' title="bbox 20 2381 1205 2481; baseline 0.002 -29"><span class='ocrx_word' id='word_1_143' title='bbox 20 2441 24 2465; x_wconf 74' lang='grc'>,</span> <span class='ocrx_word' id='word_1_144' title='bbox 112 2381 177 2478; x_wconf 90' lang='lat' dir='ltr'>eis,</span> <span class='ocrx_word' id='word_1_145' title='bbox 217 2382 346 2480; x_wconf 92' lang='lat' dir='ltr'>quiin</span> <span class='ocrx_word' id='word_1_146' title='bbox 379 2392 502 2462; x_wconf 88' lang='lat' dir='ltr'>castro</span> <span class='ocrx_word' id='word_1_147' title='bbox 536 2393 660 2478; x_wconf 90' lang='lat' dir='ltr'>erant,</span> <span class='ocrx_word' id='word_1_148' title='bbox 700 2382 735 2453; x_wconf 91' lang='lat' dir='ltr'>id</span> <span class='ocrx_word' id='word_1_149' title='bbox 763 2383 887 2481; x_wconf 92' lang='lat' dir='ltr'>ipsum</span> <span class='ocrx_word' id='word_1_150' title='bbox 916 2383 1205 2456; x_wconf 87' lang='lat' dir='ltr'>comminantur.</span> 
     </span>
     <span class='ocr_line' id='line_1_20' title="bbox 20 2475 1208 2581; baseline 0.001 -30"><span class='ocrx_word' id='word_1_151' title='bbox 20 2517 22 2564; x_wconf 45' lang='grc' dir='ltr'>ζ</span> <span class='ocrx_word' id='word_1_152' title='bbox 111 2479 264 2556; x_wconf 86' lang='lat' dir='ltr'>Interim</span> <span class='ocrx_word' id='word_1_153' title='bbox 292 2481 477 2581; x_wconf 83' lang='lat' dir='ltr'>sagittarii</span> <span class='ocrx_word' id='word_1_154' title='bbox 504 2480 644 2555; x_wconf 91' lang='lat' dir='ltr'>multos</span> <span class='ocrx_word' id='word_1_155' title='bbox 671 2475 900 2557; x_wconf 77' lang='lat' dir='ltr'>interficiunt</span> <span class='ocrx_word' id='word_1_156' title='bbox 928 2493 966 2556; x_wconf 91' lang='lat' dir='ltr'>et</span> <span class='ocrx_word' id='word_1_157' title='bbox 997 2505 1128 2556; x_wconf 91' lang='lat' dir='ltr'>omnes</span> <span class='ocrx_word' id='word_1_158' title='bbox 1161 2483 1208 2554; x_wconf 90' lang='lat' dir='ltr'>ad</span> 
     </span>
     <span class='ocr_line' id='line_1_21' title="bbox 21 2581 1206 2681; baseline 0.001 -29"><span class='ocrx_word' id='word_1_159' title='bbox 21 2587 23 2614; x_wconf 78' lang='lat'>⁵</span> <span class='ocrx_word' id='word_1_160' title='bbox 112 2583 369 2657; x_wconf 86' lang='lat' dir='ltr'>defensionem</span> <span class='ocrx_word' id='word_1_161' title='bbox 385 2584 585 2680; x_wconf 89' lang='lat' dir='ltr'>repellunt,</span> <span class='ocrx_word' id='word_1_162' title='bbox 600 2582 663 2655; x_wconf 91' lang='lat' dir='ltr'>alii</span> <span class='ocrx_word' id='word_1_163' title='bbox 677 2582 1006 2681; x_wconf 85' lang='lat' dir='ltr'>propugnaculum</span> <span class='ocrx_word' id='word_1_164' title='bbox 1020 2581 1206 2655; x_wconf 87' lang='lat' dir='ltr'>edificant.</span> 
     </span>
     <span class='ocr_line' id='line_1_22' title="bbox 111 2679 1205 2782; baseline 0.002 -30"><span class='ocrx_word' id='word_1_165' title='bbox 111 2679 283 2776; x_wconf 89' lang='lat' dir='ltr'>Lyvones</span> <span class='ocrx_word' id='word_1_166' title='bbox 311 2693 349 2757; x_wconf 91' lang='lat' dir='ltr'>et</span> <span class='ocrx_word' id='word_1_167' title='bbox 373 2683 472 2756; x_wconf 89' lang='lat' dir='ltr'>Letti</span> <span class='ocrx_word' id='word_1_168' title='bbox 491 2683 682 2782; x_wconf 80' lang='lat' dir='ltr'>lignorum</span> <span class='ocrx_word' id='word_1_169' title='bbox 701 2683 1001 2781; x_wconf 86' lang='lat' dir='ltr'>comportatione</span> <span class='ocrx_word' id='word_1_170' title='bbox 1018 2684 1205 2755; x_wconf 90' lang='lat' dir='ltr'>fossatum</span> 
     </span>
     <span class='ocr_line' id='line_1_23' title="bbox 114 2783 1208 2883; baseline 0.002 -31"><span class='ocrx_word' id='word_1_171' title='bbox 114 2783 156 2853; x_wconf 89' lang='lat' dir='ltr'>ab</span> <span class='ocrx_word' id='word_1_172' title='bbox 182 2783 259 2856; x_wconf 90' lang='lat' dir='ltr'>imo</span> <span class='ocrx_word' id='word_1_173' title='bbox 287 2808 406 2881; x_wconf 92' lang='lat' dir='ltr'>usque</span> <span class='ocrx_word' id='word_1_174' title='bbox 432 2785 478 2856; x_wconf 88' lang='lat' dir='ltr'>ad</span> <span class='ocrx_word' id='word_1_175' title='bbox 497 2807 688 2856; x_wconf 92' lang='lat' dir='ltr'>summum</span> <span class='ocrx_word' id='word_1_176' title='bbox 713 2783 873 2882; x_wconf 90' lang='lat' dir='ltr'>implent</span> <span class='ocrx_word' id='word_1_177' title='bbox 890 2795 928 2857; x_wconf 93' lang='lat' dir='ltr'>et</span> <span class='ocrx_word' id='word_1_178' title='bbox 945 2806 1208 2883; x_wconf 86' lang='lat' dir='ltr'>propugnacu-</span> 
     </span>
     <span class='ocr_line' id='line_1_24' title="bbox 113 2880 1207 2982; baseline 0.002 -30"><span class='ocrx_word' id='word_1_179' title='bbox 113 2880 188 2956; x_wconf 94' lang='lat' dir='ltr'>lum</span> <span class='ocrx_word' id='word_1_180' title='bbox 206 2884 534 2982; x_wconf 89' lang='lat' dir='ltr'>superimpellunt.</span> <span class='ocrx_word' id='word_1_181' title='bbox 586 2883 684 2959; x_wconf 91' lang='lat' dir='ltr'>Letti</span> <span class='ocrx_word' id='word_1_182' title='bbox 710 2909 796 2956; x_wconf 93' lang='lat' dir='ltr'>cum</span> <span class='ocrx_word' id='word_1_183' title='bbox 824 2882 1025 2956; x_wconf 89' lang='lat' dir='ltr'>balistariis</span> <span class='ocrx_word' id='word_1_184' title='bbox 1045 2885 1207 2980; x_wconf 89' lang='lat' dir='ltr'>desuper</span> 
     </span>
     <span class='ocr_line' id='line_1_25' title="bbox 113 2983 1207 3083; baseline 0.002 -29"><span class='ocrx_word' id='word_1_185' title='bbox 113 2986 330 3080; x_wconf 87' lang='lat' dir='ltr'>ascendunt,</span> <span class='ocrx_word' id='word_1_186' title='bbox 357 2984 506 3083; x_wconf 86' lang='lat' dir='ltr'>sagittis</span> <span class='ocrx_word' id='word_1_187' title='bbox 530 3009 575 3057; x_wconf 89' lang='lat' dir='ltr'>ac</span> <span class='ocrx_word' id='word_1_188' title='bbox 601 2984 744 3058; x_wconf 90' lang='lat' dir='ltr'>lanceis</span> <span class='ocrx_word' id='word_1_189' title='bbox 768 2985 806 3058; x_wconf 95' lang='lat' dir='ltr'>in</span> <span class='ocrx_word' id='word_1_190' title='bbox 832 2983 1041 3058; x_wconf 90' lang='lat' dir='ltr'>munitione</span> <span class='ocrx_word' id='word_1_191' title='bbox 1067 2984 1207 3058; x_wconf 91' lang='lat' dir='ltr'>multos</span> 
     </span>
     <span class='ocr_line' id='line_1_26' title="bbox 113 3081 1207 3184; baseline 0.003 -31"><span class='ocrx_word' id='word_1_192' title='bbox 113 3081 351 3180; x_wconf 86' lang='lat' dir='ltr'>interficiunt,</span> <span class='ocrx_word' id='word_1_193' title='bbox 386 3086 527 3157; x_wconf 91' lang='lat' dir='ltr'>multos</span> <span class='ocrx_word' id='word_1_194' title='bbox 558 3086 775 3182; x_wconf 90' lang='lat' dir='ltr'>vulnerant,</span> <span class='ocrx_word' id='word_1_195' title='bbox 810 3085 853 3157; x_wconf 87' lang='lat' dir='ltr'>fit</span> <span class='ocrx_word' id='word_1_196' title='bbox 882 3110 1010 3184; x_wconf 82' lang='lat' dir='ltr'>pugna</span> <span class='ocrx_word' id='word_1_197' title='bbox 1041 3084 1207 3157; x_wconf 90' lang='lat' dir='ltr'>maxima</span> 
     </span>
     <span class='ocr_line' id='line_1_27' title="bbox 115 3182 1206 3285; baseline 0.004 -33"><span class='ocrx_word' id='word_1_198' title='bbox 115 3182 242 3258; x_wconf 90' lang='lat' dir='ltr'>diebus</span> <span class='ocrx_word' id='word_1_199' title='bbox 260 3185 433 3283; x_wconf 88' lang='lat' dir='ltr'>quinque.</span> <span class='ocrx_word' id='word_1_200' title='bbox 478 3185 640 3260; x_wconf 85' lang='lat' dir='ltr'>Estones</span> <span class='ocrx_word' id='word_1_201' title='bbox 665 3185 827 3285; x_wconf 91' lang='lat' dir='ltr'>primam</span> <span class='ocrx_word' id='word_1_202' title='bbox 855 3195 999 3258; x_wconf 90' lang='lat' dir='ltr'>struem</span> <span class='ocrx_word' id='word_1_203' title='bbox 1016 3184 1206 3283; x_wconf 81' lang='lat' dir='ltr'>lignorum</span> 
     </span>
     <span class='ocr_line' id='line_1_28' title="bbox 114 3281 1208 3385; baseline 0.002 -32"><span class='ocrx_word' id='word_1_204' title='bbox 114 3281 312 3360; x_wconf 84' lang='lat' dir='ltr'>incendere</span> <span class='ocrx_word' id='word_1_205' title='bbox 330 3285 511 3382; x_wconf 91' lang='lat' dir='ltr'>nituntur,</span> <span class='ocrx_word' id='word_1_206' title='bbox 538 3285 625 3384; x_wconf 86' lang='lat' dir='ltr'>igne</span> <span class='ocrx_word' id='word_1_207' title='bbox 653 3285 807 3385; x_wconf 89' lang='lat' dir='ltr'>copioso</span> <span class='ocrx_word' id='word_1_208' title='bbox 829 3288 874 3359; x_wconf 92' lang='lat' dir='ltr'>de</span> <span class='ocrx_word' id='word_1_209' title='bbox 897 3295 1020 3358; x_wconf 90' lang='lat' dir='ltr'>castro</span> <span class='ocrx_word' id='word_1_210' title='bbox 1040 3285 1078 3356; x_wconf 93' lang='lat' dir='ltr'>in</span> <span class='ocrx_word' id='word_1_211' title='bbox 1105 3283 1208 3358; x_wconf 91' lang='lat' dir='ltr'>vehi·</span> 
     </span>
     <span class='ocr_line' id='line_1_29' title="bbox 116 3384 1208 3482; baseline 0.003 -27"><span class='ocrx_word' id='word_1_212' title='bbox 116 3385 355 3460; x_wconf 66' lang='lat' dir='ltr'>culis&#39;misso.</span> <span class='ocrx_word' id='word_1_213' title='bbox 397 3385 571 3482; x_wconf 85' lang='lat' dir='ltr'>Lyvones</span> <span class='ocrx_word' id='word_1_214' title='bbox 597 3396 635 3460; x_wconf 87' lang='lat' dir='ltr'>et</span> <span class='ocrx_word' id='word_1_215' title='bbox 659 3386 758 3460; x_wconf 87' lang='lat' dir='ltr'>Letti</span> <span class='ocrx_word' id='word_1_216' title='bbox 785 3386 901 3458; x_wconf 90' lang='lat' dir='ltr'>missa</span> <span class='ocrx_word' id='word_1_217' title='bbox 925 3385 1047 3482; x_wconf 86' lang='lat' dir='ltr'>glacie</span> <span class='ocrx_word' id='word_1_218' title='bbox 1067 3394 1105 3458; x_wconf 85' lang='lat' dir='ltr'>et</span> <span class='ocrx_word' id='word_1_219' title='bbox 1123 3384 1208 3458; x_wconf 91' lang='lat' dir='ltr'>nive</span> 
     </span>
     <span class='ocr_line' id='line_1_30' title="bbox 117 3481 1208 3586; baseline 0.001 -31"><span class='ocrx_word' id='word_1_220' title='bbox 117 3486 320 3586; x_wconf 83' lang='lat' dir='ltr'>extingunt.</span> <span class='ocrx_word' id='word_1_221' title='bbox 356 3485 556 3583; x_wconf 87' lang='lat' dir='ltr'>Arnoldus,</span> <span class='ocrx_word' id='word_1_222' title='bbox 574 3488 692 3560; x_wconf 88' lang='lat' dir='ltr'>frater</span> <span class='ocrx_word' id='word_1_223' title='bbox 710 3481 861 3581; x_wconf 89' lang='lat' dir='ltr'>milicie,</span> <span class='ocrx_word' id='word_1_224' title='bbox 884 3485 1022 3558; x_wconf 89' lang='lat' dir='ltr'>ibidem</span> <span class='ocrx_word' id='word_1_225' title='bbox 1040 3494 1151 3557; x_wconf 90' lang='lat' dir='ltr'>nocte</span> <span class='ocrx_word' id='word_1_226' title='bbox 1170 3493 1208 3557; x_wconf 93' lang='lat' dir='ltr'>et</span> 
     </span>
     <span class='ocr_line' id='line_1_31' title="bbox 23 3583 1207 3685; baseline 0 -31"><span class='ocrx_word' id='word_1_227' title='bbox 23 3667 25 3684; x_wconf 18' lang='grc' dir='ltr'><strong>ᾖ</strong></span> <span class='ocrx_word' id='word_1_228' title='bbox 117 3583 171 3660; x_wconf 88' lang='lat' dir='ltr'>die</span> <span class='ocrx_word' id='word_1_229' title='bbox 188 3588 378 3684; x_wconf 79' lang='lat' dir='ltr'>laboranS,</span> <span class='ocrx_word' id='word_1_230' title='bbox 403 3588 556 3661; x_wconf 90' lang='lat' dir='ltr'>tandem</span> <span class='ocrx_word' id='word_1_231' title='bbox 574 3585 698 3685; x_wconf 90' lang='lat' dir='ltr'>lapide</span> <span class='ocrx_word' id='word_1_232' title='bbox 724 3585 917 3684; x_wconf 88' lang='lat' dir='ltr'>proiectus</span> <span class='ocrx_word' id='word_1_233' title='bbox 944 3584 982 3658; x_wconf 93' lang='lat' dir='ltr'>in</span> <span class='ocrx_word' id='word_1_234' title='bbox 1009 3583 1207 3657; x_wconf 89' lang='lat' dir='ltr'>martirum</span> 
     </span>
     <span class='ocr_line' id='line_1_32' title="bbox 23 3683 1209 3786; baseline -0.002 -30"><span class='ocrx_word' id='word_1_235' title='bbox 23 3693 25 3774; x_wconf 64' lang='grc' dir='ltr'><em>ζ</em></span> <span class='ocrx_word' id='word_1_236' title='bbox 117 3688 353 3762; x_wconf 90' lang='lat' dir='ltr'>consorcium</span> <span class='ocrx_word' id='word_1_237' title='bbox 369 3687 662 3786; x_wconf 84' lang='lat' dir='ltr'>transmigravit.</span> <span class='ocrx_word' id='word_1_238' title='bbox 716 3685 789 3774; x_wconf 86' lang='lat' dir='ltr'>Qui</span> <span class='ocrx_word' id='word_1_239' title='bbox 816 3696 896 3760; x_wconf 91' lang='lat' dir='ltr'>erat</span> <span class='ocrx_word' id='word_1_240' title='bbox 914 3683 970 3756; x_wconf 90' lang='lat' dir='ltr'>vir</span> <span class='ocrx_word' id='word_1_241' title='bbox 986 3684 1095 3757; x_wconf 90' lang='lat' dir='ltr'>valde</span> <span class='ocrx_word' id='word_1_242' title='bbox 1123 3683 1209 3757; x_wconf 88' lang='lat' dir='ltr'>reli·</span> 
     </span>
     <span class='ocr_line' id='line_1_33' title="bbox 23 3783 1209 3887; baseline -0.002 -29"><span class='ocrx_word' id='word_1_243' title='bbox 23 3841 25 3878; x_wconf 78' lang='lat'>,</span> <span class='ocrx_word' id='word_1_244' title='bbox 119 3785 243 3882; x_wconf 79' lang='lat' dir='ltr'>giosus</span> <span class='ocrx_word' id='word_1_245' title='bbox 271 3799 309 3863; x_wconf 86' lang='lat' dir='ltr'>et</span> <span class='ocrx_word' id='word_1_246' title='bbox 332 3810 485 3887; x_wconf 90' lang='lat' dir='ltr'>semper</span> <span class='ocrx_word' id='word_1_247' title='bbox 502 3811 624 3884; x_wconf 89' lang='lat' dir='ltr'>orans,</span> <span class='ocrx_word' id='word_1_248' title='bbox 652 3797 690 3860; x_wconf 89' lang='lat' dir='ltr'>et</span> <span class='ocrx_word' id='word_1_249' title='bbox 717 3786 814 3883; x_wconf 93' lang='lat' dir='ltr'>quod</span> <span class='ocrx_word' id='word_1_250' title='bbox 840 3784 972 3880; x_wconf 87' lang='lat' dir='ltr'>oravit,</span> <span class='ocrx_word' id='word_1_251' title='bbox 999 3785 1084 3881; x_wconf 93' lang='lat' dir='ltr'>hoc,</span> <span class='ocrx_word' id='word_1_252' title='bbox 1111 3783 1209 3856; x_wconf 89' lang='lat' dir='ltr'>sicut</span> 
     </span>
     <span class='ocr_line' id='line_1_34' title="bbox 23 3885 1208 3986; baseline 0.001 -30"><span class='ocrx_word' id='word_1_253' title='bbox 23 3919 24 3970; x_wconf 62' lang='lat'>5</span> <span class='ocrx_word' id='word_1_254' title='bbox 119 3907 322 3986; x_wconf 89' lang='lat' dir='ltr'>speramus,</span> <span class='ocrx_word' id='word_1_255' title='bbox 342 3888 495 3961; x_wconf 85' lang='lat' dir='ltr'>invenit.</span> <span class='ocrx_word' id='word_1_256' title='bbox 531 3886 778 3961; x_wconf 91' lang='lat' dir='ltr'>Theuthonici</span> <span class='ocrx_word' id='word_1_257' title='bbox 793 3885 1008 3958; x_wconf 84' lang='lat' dir='ltr'>machinam</span> <span class='ocrx_word' id='word_1_258' title='bbox 1021 3885 1208 3958; x_wconf 88' lang='lat' dir='ltr'>instruen-</span> 
     </span>
     <span class='ocr_line' id='line_1_35' title="bbox 23 3983 1208 4088; baseline 0.001 -32"><span class='ocrx_word' id='word_1_259' title='bbox 23 3983 24 3986; x_wconf 65' lang='grc'>’</span> <span class='ocrx_word' id='word_1_260' title='bbox 118 3993 171 4059; x_wconf 90' lang='lat' dir='ltr'>tes</span> <span class='ocrx_word' id='word_1_261' title='bbox 189 4001 299 4064; x_wconf 89' lang='lat' dir='ltr'>nocte</span> <span class='ocrx_word' id='word_1_262' title='bbox 319 4015 363 4063; x_wconf 88' lang='lat' dir='ltr'>ac</span> <span class='ocrx_word' id='word_1_263' title='bbox 382 3987 441 4061; x_wconf 91' lang='lat' dir='ltr'>die</span> <span class='ocrx_word' id='word_1_264' title='bbox 458 3987 626 4088; x_wconf 90' lang='lat' dir='ltr'>lapidum</span> <span class='ocrx_word' id='word_1_265' title='bbox 644 3986 846 4062; x_wconf 88' lang='lat' dir='ltr'>iactatione</span> <span class='ocrx_word' id='word_1_266' title='bbox 860 3987 945 4058; x_wconf 86' lang='lat' dir='ltr'>loca</span> <span class='ocrx_word' id='word_1_267' title='bbox 959 3983 1103 4058; x_wconf 87' lang='lat' dir='ltr'>munita</span> <span class='ocrx_word' id='word_1_268' title='bbox 1123 4009 1208 4059; x_wconf 90' lang='lat' dir='ltr'>con·</span> 
     </span>
     <span class='ocr_line' id='line_1_36' title="bbox 118 4086 1208 4188; baseline 0.004 -34"><span class='ocrx_word' id='word_1_269' title='bbox 118 4086 292 4188; x_wconf 84' lang='lat' dir='ltr'>sringunt,</span> <span class='ocrx_word' id='word_1_270' title='bbox 310 4089 484 4163; x_wconf 91' lang='lat' dir='ltr'>homines</span> <span class='ocrx_word' id='word_1_271' title='bbox 504 4100 541 4164; x_wconf 89' lang='lat' dir='ltr'>et</span> <span class='ocrx_word' id='word_1_272' title='bbox 559 4087 727 4163; x_wconf 87' lang='lat' dir='ltr'>iumenta</span> <span class='ocrx_word' id='word_1_273' title='bbox 740 4086 886 4160; x_wconf 88' lang='lat' dir='ltr'>infinita</span> <span class='ocrx_word' id='word_1_274' title='bbox 904 4086 940 4158; x_wconf 92' lang='lat' dir='ltr'>in</span> <span class='ocrx_word' id='word_1_275' title='bbox 957 4097 1080 4163; x_wconf 88' lang='lat' dir='ltr'>castro</span> <span class='ocrx_word' id='word_1_276' title='bbox 1096 4086 1208 4160; x_wconf 90' lang='lat' dir='ltr'>inter·</span> 
     </span>
    </p>
   </div>
   <div class='ocr_carea' id='block_1_3' title="bbox 24 4186 1208 4360">
    <p class='ocr_par' dir='ltr' id='par_1_3' title="bbox 24 4186 1208 4360">
     <span class='ocr_line' id='line_1_37' title="bbox 24 4186 1208 4360; baseline -0.005 -98"><span class='ocrx_word' id='word_1_277' title='bbox 24 4259 25 4262; x_wconf 74' lang='grc'>,</span> <span class='ocrx_word' id='word_1_278' title='bbox 121 4186 256 4289; x_wconf 88' lang='lat' dir='ltr'>ficiunt,</span> <span class='ocrx_word' id='word_1_279' title='bbox 276 4192 360 4290; x_wconf 90' lang='lat' dir='ltr'>quia</span> <span class='ocrx_word' id='word_1_280' title='bbox 375 4191 535 4264; x_wconf 88' lang='lat' dir='ltr'>Estones</span> <span class='ocrx_word' id='word_1_281' title='bbox 553 4188 643 4262; x_wconf 90' lang='lat' dir='ltr'>talia</span> <span class='ocrx_word' id='word_1_282' title='bbox 662 4212 854 4285; x_wconf 90' lang='lat' dir='ltr'>nunquam</span> <span class='ocrx_word' id='word_1_283' title='bbox 873 4187 1055 4360; x_wconf 60' lang='lat' dir='ltr'>videppnt,</span> <span class='ocrx_word' id='word_1_284' title='bbox 1074 4187 1208 4259; x_wconf 91' lang='lat' dir='ltr'>domos</span> 
     </span>
    </p>
   </div>
   <div class='ocr_carea' id='block_1_4' title="bbox 0 0 1570 5012">
    <p class='ocr_par' dir='ltr' id='par_1_4' title="bbox 0 0 1570 5012">
     <span class='ocr_line' id='line_1_38' title="bbox 0 0 1570 5012; baseline 0 0"><span class='ocrx_word' id='word_1_285' title='bbox 0 0 1570 5012; x_wconf 95' lang='lat' dir='ltr'> </span> 
     </span>
    </p>
   </div>
  </div>
 </body>
</html>
