3084 5018
325 486 395 558 178
466 478 679 554 HElNlllCl
705 479 981 555 CHRONlCON
1006 478 1258 554 LYVONIAE.

322 681 563 780 sequentibus
584 681 629 754 ad
644 680 820 778 Coiwam,
848 692 885 757 et
902 683 1150 782 prohibebant
1168 681 1256 754 litus
1274 681 1416 756 Ruthe-
1527 703 1531 802 q

321 783 393 879 nis,
412 808 459 858 ne
477 782 680 857 transirent
698 782 735 854 in
750 794 876 882 partes
895 808 995 858 suas.
1031 785 1077 857 Et
1090 793 1330 857 transeuntes
1344 780 1415 854 flu·
1529 805 1531 880 i

322 910 409 958 men
429 884 578 982 quidam
598 909 643 958 ex
659 883 885 981 Lyvonibus,
911 889 1059 959 turbam
1077 907 1192 958 unam
1210 885 1416 959 Lettonum

321 1009 408 1059 cum
435 983 591 1084 captivis
616 994 653 1059 et
676 985 809 1081 spoliis
838 986 883 1060 de
908 985 1172 1060 Coiwemunde
1197 985 1416 1060 venientem

321 1089 657 1186 persequebantur,
683 1095 721 1159 et
743 1086 959 1161 occiderunt
976 1113 1023 1161 ex
1041 1087 1095 1162 eis
1114 1090 1194 1162 lere
1211 1086 1356 1186 viginti,
1377 1096 1416 1160 et

322 1187 386 1261 alii
416 1197 617 1263 evaserunt
641 1211 708 1286 per
733 1187 863 1286 fugam
891 1188 937 1261 ad
962 1187 1167 1262 Ruthenos.
1221 1187 1268 1260 Et
1298 1187 1417 1260 aliam

321 1292 469 1362 turbam
494 1289 753 1362 Ruthenorum
777 1287 999 1362 invenerunt
1023 1288 1062 1361 in
1086 1289 1174 1362 villa
1202 1286 1416 1387 Cogelse¹⁸,

323 1389 496 1464 similiter
514 1415 563 1480 err
578 1389 632 1463 eis
651 1399 798 1488 septem
816 1387 1096 1487 interfecerunt,
1124 1399 1162 1463 et
1186 1388 1249 1464 alii
1268 1389 1417 1488 fugien-

321 1503 380 1564 tes
399 1491 444 1563 ad
464 1513 553 1563 suos
571 1489 773 1586 redierunt,
799 1501 837 1564 et
855 1489 919 1564 alii
936 1489 973 1564 in
991 1489 1095 1564 silvis
1119 1489 1310 1564 latitantes
1329 1514 1418 1565 eva-

324 1601 463 1665 serunt.
516 1589 563 1663 Et
588 1590 760 1663 dixerunt
785 1591 964 1666 Rutheni:
999 1590 1082 1665 Non
1108 1591 1319 1666 est'bonum
1345 1614 1418 1664 nos

187 1698 190 1706 '
322 1691 381 1764 hic
399 1715 484 1786 esse,
510 1693 597 1786 quia
614 1691 774 1784 hyvoms
792 1699 825 1764 et
844 1691 1074 1766 Tbeutbonici
1099 1696 1199 1765 circu
1215 1715 1283 1766 nos
1308 1690 1419 1764 undi-

324 1816 392 1889 que
409 1799 686 1890 conprepuntu‘r.
735 1791 782 1865 Et
799 1804 997 1891 surgentes
1016 1793 1138 1867 media
1157 1803 1279 1890 nocte,
1306 1817 1420 1891 cepe·

324 1905 410 1967 runt
428 1895 529 1968 exire
555 1894 600 1967 de
618 1903 729 1989 terra,
758 1903 795 1966 et
819 1893 989 1991 sequenti
1013 1903 1125 1967 nocte
1150 1893 1188 1966 in
1212 1893 1419 1968 Ykewalda

323 2005 533 2089 manenteS,
550 1993 782 2092 provinciam
794 1995 832 2069 in
848 1994 1004 2069 circuitu
1017 1994 1275 2093 despoliantes,
1288 1994 1419 2068 incen-

325 2097 469 2170 derunt.
510 2095 642 2167 Tereia
660 2120 808 2192 qnoque
834 2107 945 2170 nocte
964 2095 1061 2194 apud
1081 2097 1258 2170 Ymeram
1276 2095 1419 2168 similia

324 2197 427 2269 mala
442 2195 642 2293 faciebant,
661 2205 698 2268 et.
714 2196 936 2271 festinantes
954 2197 991 2269 in
1009 2197 1220 2295 Ugauniam
1238 2207 1418 2294 quattuor

326 2297 455 2370 diebus
480 2294 753 2371 terramillam
779 2297 951 2373 similiter
974 2308 1217 2372 vastaverunt
1243 2307 1279 2372 et
1297 2296 1420 2372 redie-

326 2409 412 2471 runt
429 2397 466 2470 in
485 2396 671 2470 Rosciam.
708 2397 886 2472 Lettones
904 2423 993 2473 vero
1013 2423 1087 2471 non
1109 2400 1288 2473 audentes
1307 2423 1420 2497 sepa·

325 2499 400 2572 rari
426 2523 447 2571 a
473 2497 656 2572 Ruthenis
679 2511 834 2598 propter
854 2499 1030 2575 timorem
1056 2499 1417 2598 Thenthonicornm,

325 2600 498 2674 abierunt
518 2623 603 2672 cum
623 2598 676 2672 eis
695 2600 733 2673 in
750 2601 1000 2700 Plescekowe,
1033 2609 1070 2676 et
1090 2612 1310 2674 manserunt
1328 2626 1419 2674 cum

327 2701 380 2775 eis
399 2725 467 2800 per
486 2710 607 2774 totum
625 2725 808 2799 mensem,
834 2712 876 2775 ut
898 2713 1030 2801 postea
1054 2702 1176 2776 securi
1194 2701 1359 2776 redirent
1377 2701 1419 2773 in

325 2813 465 2876 terram
484 2825 602 2874 suam.

268 2915 318 3001 (4.)
402 2902 552 2976 Fratres
570 2927 660 2976 vero
679 2902 811 2977 militie
830 2928 915 2976 cnm
933 2902 1029 2999 aliis,
1049 2902 1110 3000 qni
1128 2901 1248 2975 secuti
1266 2904 1419 2976 fuerant

289 3011 291 3014 ’
328 3003 374 3076 ad
400 3003 590 3093 Ymeram,
618 3003 828 3102 cogitantes
855 3029 1052 3078 occurrere
1077 3003 1298 3078 Lettonibus
1317 3003 1417 3102 apud

327 3105 488 3202 Dunam,
514 3103 717 3200 redierunt,
743 3114 780 3177 et
797 3115 980 3203 ponentes
1006 3105 1060 3179 eis
1077 3105 1231 3178 insidias
1250 3129 1338 3178 cum
1364 3104 1419 3176 fa-

328 3203 431 3277 milia
447 3203 612 3302 episcopi
628 3205 673 3278 de
688 3204 892 3302 Kukenois,
912 3216 1204 3304 expectaverunt
1217 3229 1283 3280 eos
1297 3205 1417 3290 tribus
1513 3290 1518 3298 ¹

329 3305 559 3402 ebdomadis,
578 3304 643 3380 sed
661 3306 795 3379 fratres
814 3305 947 3381 militie
964 3306 1064 3381 tedio
1083 3307 1209 3380 affecti
1226 3306 1419 3380 redierunt

328 3407 366 3480 in
392 3406 536 3504 Rigam.
588 3405 840 3480 Theodericus
865 3432 967 3505 vero,
1002 3407 1112 3481 miles
1139 3408 1185 3482 de
1210 3405 1418 3501 Kukenois,

329 3530 415 3580 cum
440 3504 523 3580 aliis
550 3504 729 3579 militibus
756 3518 793 3581 et
819 3508 937 3582 servis
965 3507 1151 3606 episcopi,
1176 3532 1263 3581 cum
1285 3505 1417 3605 paucis

327 3607 446 3682 Lettis
473 3605 643 3688 abierunt
673 3632 805 3683 versus
835 3609 1074 3683 Plescekowe
1099 3608 1255 3707 itinere,
1285 3606 1418 3682 diebus

330 3717 477 3805 septem
503 3718 703 3804 querentes
732 3709 896 3784 eosdem.
946 3709 992 3782 Et
1017 3709 1239 3802 invenerunt
1264 3710 1420 3782 tandem

328 3807 488 3907 vestigia
515 3832 657 3906 eorum,
685 3820 722 3884 et
747 3808 874 3883 statim
898 3810 1077 3884 festinant
1094 3812 1139 3883 ad
1163 3835 1243 3908 eos,
1271 3822 1420 3885 etcum

330 3919 456 3986 essent
474 3908 684 4008 quindecim
702 3920 849 3983 tantum
868 3936 914 3985 ex
926 3911 1204 4010 Theutbonicis,
1222 3911 1419 3986 Lettorum

330 4035 419 4084 vero
438 4011 577 4108 plures,
606 4021 647 4084 ut
671 4022 798 4092 essent
823 4037 891 4110 per
916 4013 1042 4086 omnia
1068 4038 1142 4086 uno
1162 4013 1285 4086 minus
1304 4037 1420 4112 quam

333 4161 511 4292 idlglolttzen
530 4165 678 4238 praedium,
697 4176 726 4223 ut
744 4169 858 4231 videtur,
883 4185 898 4222 a
923 4166 1041 4225 Treiden
1060 4169 1130 4224 inter
1154 4168 1373 4240 septemtrionem
1393 4177 1420 4222 et

330 4255 389 4292 ocu
409 4253 444 4290 en
456 4253 508 4293 em.
