<?xml version="1.0" encoding="UTF-8"?>
<!DOCTYPE html PUBLIC "-//W3C//DTD XHTML 1.0 Transitional//EN"
    "http://www.w3.org/TR/xhtml1/DTD/xhtml1-transitional.dtd">
<html xmlns="http://www.w3.org/1999/xhtml" xml:lang="en" lang="en">
 <head>
  <title>
</title>
<meta http-equiv="Content-Type" content="text/html;charset=utf-8" />
  <meta name='ocr-system' content='tesseract 3.04.00' />
  <meta name='ocr-capabilities' content='ocr_page ocr_carea ocr_par ocr_line ocrx_word'/>
</head>
<body>
  <div class='ocr_page' id='page_1' title='image "./heinricichronic00arndgoog_0216.png"; bbox 0 0 3084 5018; ppageno 0'>
   <div class='ocr_carea' id='block_1_1' title="bbox 1500 317 1504 484">
    <p class='ocr_par' dir='ltr' id='par_1_1' title="bbox 1500 317 1504 484">
     <span class='ocr_line' id='line_1_1' title="bbox 1500 317 1504 484; baseline 0 0"><span class='ocrx_word' id='word_1_1' title='bbox 1500 317 1504 484; x_wconf 89' lang='lat' dir='ltr'>l</span> 
     </span>
    </p>
   </div>
   <div class='ocr_carea' id='block_1_2' title="bbox 377 465 1444 616">
    <p class='ocr_par' dir='ltr' id='par_1_2' title="bbox 377 465 1444 616">
     <span class='ocr_line' id='line_1_2' title="bbox 377 465 1444 616; baseline -0.006 -38"><span class='ocrx_word' id='word_1_2' title='bbox 377 506 447 578; x_wconf 83' lang='lat' dir='ltr'>na</span> <span class='ocrx_word' id='word_1_3' title='bbox 515 499 728 574; x_wconf 81' lang='lat' dir='ltr'>erranei</span> <span class='ocrx_word' id='word_1_4' title='bbox 755 499 1033 576; x_wconf 71' lang='lat' dir='ltr'>canonicor</span> <span class='ocrx_word' id='word_1_5' title='bbox 1059 499 1318 576; x_wconf 74' lang='lat' dir='ltr'>arvenna.</span> <span class='ocrx_word' id='word_1_6' title='bbox 1383 465 1386 472; x_wconf 77' lang='grc'>’</span> <span class='ocrx_word' id='word_1_7' title='bbox 1441 607 1444 616; x_wconf 22' lang='grc' dir='ltr'>Ι</span> 
     </span>
    </p>
   </div>
   <div class='ocr_carea' id='block_1_3' title="bbox 288 701 1480 4331">
    <p class='ocr_par' dir='ltr' id='par_1_3' title="bbox 372 701 1455 879">
     <span class='ocr_line' id='line_1_3' title="bbox 372 701 1455 801; baseline -0.003 -24"><span class='ocrx_word' id='word_1_8' title='bbox 372 701 576 777; x_wconf 83' lang='lat' dir='ltr'>vindictam</span> <span class='ocrx_word' id='word_1_9' title='bbox 600 702 669 776; x_wconf 91' lang='lat' dir='ltr'>Dei</span> <span class='ocrx_word' id='word_1_10' title='bbox 696 704 911 801; x_wconf 73' lang='lat' dir='ltr'>probantes,</span> <span class='ocrx_word' id='word_1_11' title='bbox 939 729 1027 777; x_wconf 90' lang='lat' dir='ltr'>narn</span> <span class='ocrx_word' id='word_1_12' title='bbox 1054 713 1091 777; x_wconf 91' lang='lat' dir='ltr'>et</span> <span class='ocrx_word' id='word_1_13' title='bbox 1118 703 1220 777; x_wconf 90' lang='lat' dir='ltr'>idem</span> <span class='ocrx_word' id='word_1_14' title='bbox 1247 702 1455 775; x_wconf 71' lang='lat' dir='ltr'>occisor&#39;ab</span> 
     </span>
     <span class='ocr_line' id='line_1_4' title="bbox 374 802 1327 879; baseline -0.005 0"><span class='ocrx_word' id='word_1_15' title='bbox 374 802 540 879; x_wconf 87' lang='lat' dir='ltr'>exercitu</span> <span class='ocrx_word' id='word_1_16' title='bbox 560 803 848 877; x_wconf 87' lang='lat' dir='ltr'>christianorum</span> <span class='ocrx_word' id='word_1_17' title='bbox 867 804 994 878; x_wconf 88' lang='lat' dir='ltr'>statim</span> <span class='ocrx_word' id='word_1_18' title='bbox 1013 805 1237 879; x_wconf 85' lang='lat' dir='ltr'>interfectus</span> <span class='ocrx_word' id='word_1_19' title='bbox 1257 814 1327 878; x_wconf 90' lang='lat' dir='ltr'>est.</span> 
     </span>
    </p>

    <p class='ocr_par' dir='ltr' id='par_1_4' title="bbox 291 903 1473 2009">
     <span class='ocr_line' id='line_1_5' title="bbox 291 903 1454 1003; baseline -0.009 -19"><span class='ocrx_word' id='word_1_20' title='bbox 291 917 362 1003; x_wconf 80' lang='lat'><strong>(11.)</strong></span> <span class='ocrx_word' id='word_1_21' title='bbox 447 905 551 978; x_wconf 90' lang='lat' dir='ltr'>Tunc</span> <span class='ocrx_word' id='word_1_22' title='bbox 585 905 761 977; x_wconf 90' lang='lat' dir='ltr'>innovata</span> <span class='ocrx_word' id='word_1_23' title='bbox 792 914 879 977; x_wconf 92' lang='lat' dir='ltr'>sunt</span> <span class='ocrx_word' id='word_1_24' title='bbox 911 907 1009 979; x_wconf 87' lang='lat' dir='ltr'>bella</span> <span class='ocrx_word' id='word_1_25' title='bbox 1046 905 1083 978; x_wconf 96' lang='lat' dir='ltr'>in</span> <span class='ocrx_word' id='word_1_26' title='bbox 1116 905 1299 978; x_wconf 90' lang='lat' dir='ltr'>omnibus</span> <span class='ocrx_word' id='word_1_27' title='bbox 1334 903 1454 975; x_wconf 87' lang='lat' dir='ltr'>finibus</span> 
     </span>
     <span class='ocr_line' id='line_1_6' title="bbox 373 1005 1453 1079; baseline -0.002 -1"><span class='ocrx_word' id='word_1_28' title='bbox 373 1005 538 1079; x_wconf 84' lang='lat' dir='ltr'>Estonie.</span> <span class='ocrx_word' id='word_1_29' title='bbox 583 1007 677 1079; x_wconf 88' lang='lat' dir='ltr'>Nam</span> <span class='ocrx_word' id='word_1_30' title='bbox 705 1005 860 1078; x_wconf 84' lang='lat' dir='ltr'>Osiliani</span> <span class='ocrx_word' id='word_1_31' title='bbox 890 1016 928 1079; x_wconf 88' lang='lat' dir='ltr'>et</span> <span class='ocrx_word' id='word_1_32' title='bbox 945 1006 1122 1079; x_wconf 79' lang='lat' dir='ltr'>maritimi</span> <span class='ocrx_word' id='word_1_33' title='bbox 1142 1017 1179 1079; x_wconf 88' lang='lat' dir='ltr'>et</span> <span class='ocrx_word' id='word_1_34' title='bbox 1197 1005 1453 1078; x_wconf 87' lang='lat' dir='ltr'>Warholenses</span> 
     </span>
     <span class='ocr_line' id='line_1_7' title="bbox 374 1100 1454 1182; baseline -0.005 -2"><span class='ocrx_word' id='word_1_35' title='bbox 374 1107 487 1180; x_wconf 91' lang='lat' dir='ltr'>simul</span> <span class='ocrx_word' id='word_1_36' title='bbox 522 1130 607 1179; x_wconf 87' lang='lat' dir='ltr'>oum</span> <span class='ocrx_word' id='word_1_37' title='bbox 639 1100 952 1182; x_wconf 85' lang='lat' dir='ltr'>Gerwanensibus</span> <span class='ocrx_word' id='word_1_38' title='bbox 983 1118 1021 1180; x_wconf 93' lang='lat' dir='ltr'>et</span> <span class='ocrx_word' id='word_1_39' title='bbox 1047 1106 1339 1180; x_wconf 89' lang='lat' dir='ltr'>Wironensibus</span> <span class='ocrx_word' id='word_1_40' title='bbox 1374 1104 1454 1176; x_wconf 87' lang='lat' dir='ltr'>obsi·</span> 
     </span>
     <span class='ocr_line' id='line_1_8' title="bbox 372 1205 1453 1306; baseline -0.004 -28"><span class='ocrx_word' id='word_1_41' title='bbox 372 1208 483 1281; x_wconf 92' lang='lat' dir='ltr'>dione</span> <span class='ocrx_word' id='word_1_42' title='bbox 502 1208 617 1306; x_wconf 84' lang='lat' dir='ltr'>longa</span> <span class='ocrx_word' id='word_1_43' title='bbox 635 1207 763 1280; x_wconf 86' lang='lat' dir='ltr'>Danas</span> <span class='ocrx_word' id='word_1_44' title='bbox 782 1208 820 1279; x_wconf 92' lang='lat' dir='ltr'>in</span> <span class='ocrx_word' id='word_1_45' title='bbox 839 1207 976 1281; x_wconf 86' lang='lat' dir='ltr'>Revele</span> <span class='ocrx_word' id='word_1_46' title='bbox 995 1209 1238 1301; x_wconf 76' lang='lat' dir='ltr'>obsederunt,</span> <span class='ocrx_word' id='word_1_47' title='bbox 1259 1209 1380 1280; x_wconf 89' lang='lat' dir='ltr'>donec</span> <span class='ocrx_word' id='word_1_48' title='bbox 1396 1205 1453 1275; x_wconf 86' lang='lat' dir='ltr'>llo·</span> 
     </span>
     <span class='ocr_line' id='line_1_9' title="bbox 372 1307 1451 1407; baseline -0.006 -26"><span class='ocrx_word' id='word_1_49' title='bbox 372 1309 496 1381; x_wconf 87' lang='lat' dir='ltr'>minus</span> <span class='ocrx_word' id='word_1_50' title='bbox 526 1331 592 1382; x_wconf 88' lang='lat' dir='ltr'>eos</span> <span class='ocrx_word' id='word_1_51' title='bbox 615 1307 796 1382; x_wconf 90' lang='lat' dir='ltr'>liberavit.</span> <span class='ocrx_word' id='word_1_52' title='bbox 846 1311 941 1382; x_wconf 87' lang='lat' dir='ltr'>Nam</span> <span class='ocrx_word' id='word_1_53' title='bbox 966 1308 1114 1407; x_wconf 84' lang='lat' dir='ltr'>fatigati</span> <span class='ocrx_word' id='word_1_54' title='bbox 1138 1309 1254 1382; x_wconf 90' lang='lat' dir='ltr'>nimis</span> <span class='ocrx_word' id='word_1_55' title='bbox 1281 1311 1320 1396; x_wconf 84' lang='lat' dir='ltr'>in</span> <span class='ocrx_word' id='word_1_56' title='bbox 1345 1315 1451 1379; x_wconf 88' lang='lat' dir='ltr'>castro</span> 
     </span>
     <span class='ocr_line' id='line_1_10' title="bbox 372 1408 1451 1506; baseline -0.004 -25"><span class='ocrx_word' id='word_1_57' title='bbox 372 1410 509 1506; x_wconf 90' lang='lat' dir='ltr'>diuque</span> <span class='ocrx_word' id='word_1_58' title='bbox 536 1408 783 1482; x_wconf 88' lang='lat' dir='ltr'>Theuthonici</span> <span class='ocrx_word' id='word_1_59' title='bbox 816 1434 901 1481; x_wconf 91' lang='lat' dir='ltr'>cum</span> <span class='ocrx_word' id='word_1_60' title='bbox 933 1409 1048 1482; x_wconf 88' lang='lat' dir='ltr'>Danis</span> <span class='ocrx_word' id='word_1_61' title='bbox 1081 1409 1281 1484; x_wconf 91' lang='lat' dir='ltr'>exiverunt</span> <span class='ocrx_word' id='word_1_62' title='bbox 1312 1409 1366 1481; x_wconf 86' lang='lat' dir='ltr'>ad·</span> <span class='ocrx_word' id='word_1_63' title='bbox 1386 1429 1451 1497; x_wconf 71' lang='lat' dir='ltr'>eos,</span> 
     </span>
     <span class='ocr_line' id='line_1_11' title="bbox 370 1506 1473 1606; baseline -0.005 -24"><span class='ocrx_word' id='word_1_64' title='bbox 370 1510 575 1583; x_wconf 82' lang='lat' dir='ltr'>inferentes</span> <span class='ocrx_word' id='word_1_65' title='bbox 595 1510 650 1582; x_wconf 90' lang='lat' dir='ltr'>eis</span> <span class='ocrx_word' id='word_1_66' title='bbox 669 1510 821 1606; x_wconf 82' lang='lat' dir='ltr'>bellum,</span> <span class='ocrx_word' id='word_1_67' title='bbox 850 1520 888 1585; x_wconf 92' lang='lat' dir='ltr'>et</span> <span class='ocrx_word' id='word_1_68' title='bbox 906 1511 1089 1584; x_wconf 90' lang='lat' dir='ltr'>convertit</span> <span class='ocrx_word' id='word_1_69' title='bbox 1107 1510 1211 1583; x_wconf 88' lang='lat' dir='ltr'>Deus</span> <span class='ocrx_word' id='word_1_70' title='bbox 1240 1509 1398 1582; x_wconf 85' lang='lat' dir='ltr'>Estones</span> <span class='ocrx_word' id='word_1_71' title='bbox 1421 1506 1451 1577; x_wconf 94' lang='lat' dir='ltr'>in</span> <span class='ocrx_word' id='word_1_72' title='bbox 1469 1563 1473 1566; x_wconf 92' lang='lat'>.</span> 
     </span>
     <span class='ocr_line' id='line_1_12' title="bbox 371 1605 1450 1708; baseline -0.005 -26"><span class='ocrx_word' id='word_1_73' title='bbox 371 1611 514 1708; x_wconf 70' lang='lat' dir='ltr'>fugam,</span> <span class='ocrx_word' id='word_1_74' title='bbox 542 1619 579 1682; x_wconf 88' lang='lat' dir='ltr'>et</span> <span class='ocrx_word' id='word_1_75' title='bbox 597 1609 812 1683; x_wconf 89' lang='lat' dir='ltr'>ceciderunt</span> <span class='ocrx_word' id='word_1_76' title='bbox 830 1635 875 1684; x_wconf 90' lang='lat' dir='ltr'>ex</span> <span class='ocrx_word' id='word_1_77' title='bbox 901 1611 955 1685; x_wconf 90' lang='lat' dir='ltr'>eis</span> <span class='ocrx_word' id='word_1_78' title='bbox 978 1611 1087 1684; x_wconf 90' lang='lat' dir='ltr'>multi</span> <span class='ocrx_word' id='word_1_79' title='bbox 1105 1610 1299 1685; x_wconf 84' lang='lat' dir='ltr'>interfecti</span> <span class='ocrx_word' id='word_1_80' title='bbox 1325 1634 1345 1681; x_wconf 90' lang='lat' dir='ltr'>a</span> <span class='ocrx_word' id='word_1_81' title='bbox 1371 1605 1450 1680; x_wconf 87' lang='lat' dir='ltr'>chri·</span> 
     </span>
     <span class='ocr_line' id='line_1_13' title="bbox 372 1705 1448 1810; baseline -0.007 -27"><span class='ocrx_word' id='word_1_82' title='bbox 372 1711 522 1807; x_wconf 70' lang='lat' dir='ltr'>saenis,</span> <span class='ocrx_word' id='word_1_83' title='bbox 556 1719 594 1784; x_wconf 92' lang='lat' dir='ltr'>et</span> <span class='ocrx_word' id='word_1_84' title='bbox 620 1710 735 1784; x_wconf 87' lang='lat' dir='ltr'>ceteri</span> <span class='ocrx_word' id='word_1_85' title='bbox 762 1711 949 1810; x_wconf 82' lang='lat' dir='ltr'>fugerunt.</span> <span class='ocrx_word' id='word_1_86' title='bbox 995 1713 1041 1784; x_wconf 82' lang='lat' dir='ltr'>Et</span> <span class='ocrx_word' id='word_1_87' title='bbox 1071 1714 1244 1785; x_wconf 90' lang='lat' dir='ltr'>tulerunt</span> <span class='ocrx_word' id='word_1_88' title='bbox 1274 1705 1448 1784; x_wconf 86' lang='lat' dir='ltr'>christiani</span> 
     </span>
     <span class='ocr_line' id='line_1_14' title="bbox 372 1812 1448 1913; baseline -0.007 -29"><span class='ocrx_word' id='word_1_89' title='bbox 372 1813 487 1885; x_wconf 88' lang='lat' dir='ltr'>boves</span> <span class='ocrx_word' id='word_1_90' title='bbox 516 1821 553 1885; x_wconf 91' lang='lat' dir='ltr'>et</span> <span class='ocrx_word' id='word_1_91' title='bbox 577 1835 692 1907; x_wconf 91' lang='lat' dir='ltr'>equos</span> <span class='ocrx_word' id='word_1_92' title='bbox 716 1813 926 1908; x_wconf 71' lang='lat' dir='ltr'>eorum‚&#39;et</span> <span class='ocrx_word' id='word_1_93' title='bbox 952 1813 1072 1913; x_wconf 87' lang='lat' dir='ltr'>spolia</span> <span class='ocrx_word' id='word_1_94' title='bbox 1101 1814 1235 1910; x_wconf 77' lang='lat' dir='ltr'>multa,</span> <span class='ocrx_word' id='word_1_95' title='bbox 1268 1812 1448 1885; x_wconf 78' lang='lat' dir='ltr'>laudantes</span> 
     </span>
     <span class='ocr_line' id='line_1_15' title="bbox 372 1910 1450 2009; baseline -0.007 -23"><span class='ocrx_word' id='word_1_96' title='bbox 372 1913 586 2006; x_wconf 68' lang='lat' dir='ltr'>Dominum,</span> <span class='ocrx_word' id='word_1_97' title='bbox 606 1912 668 2009; x_wconf 92' lang='lat' dir='ltr'>qui</span> <span class='ocrx_word' id='word_1_98' title='bbox 687 1913 732 1987; x_wconf 95' lang='lat' dir='ltr'>de</span> <span class='ocrx_word' id='word_1_99' title='bbox 750 1913 865 1987; x_wconf 87' lang='lat' dir='ltr'>tantis</span> <span class='ocrx_word' id='word_1_100' title='bbox 879 1915 989 1987; x_wconf 89' lang='lat' dir='ltr'>malis</span> <span class='ocrx_word' id='word_1_101' title='bbox 1009 1925 1046 1988; x_wconf 91' lang='lat' dir='ltr'>et</span> <span class='ocrx_word' id='word_1_102' title='bbox 1063 1916 1134 1988; x_wconf 89' lang='lat' dir='ltr'>hae</span> <span class='ocrx_word' id='word_1_103' title='bbox 1147 1914 1232 1988; x_wconf 90' lang='lat' dir='ltr'>vice</span> <span class='ocrx_word' id='word_1_104' title='bbox 1252 1937 1320 1988; x_wconf 89' lang='lat' dir='ltr'>eos</span> <span class='ocrx_word' id='word_1_105' title='bbox 1334 1910 1450 1982; x_wconf 89' lang='lat' dir='ltr'>libera·</span> 
     </span>
    </p>

    <p class='ocr_par' dir='ltr' id='par_1_5' title="bbox 293 2007 1448 2917">
     <span class='ocr_line' id='line_1_16' title="bbox 293 2007 1448 2112; baseline -0.01 -19"><span class='ocrx_word' id='word_1_106' title='bbox 293 2025 363 2111; x_wconf 80' lang='lat'><strong>(12.)</strong></span> <span class='ocrx_word' id='word_1_107' title='bbox 372 2015 434 2088; x_wconf 88' lang='lat' dir='ltr'>vit.</span> <span class='ocrx_word' id='word_1_108' title='bbox 504 2013 700 2098; x_wconf 79' lang='lat' dir='ltr'>¹Videntes</span> <span class='ocrx_word' id='word_1_109' title='bbox 720 2015 839 2088; x_wconf 89' lang='lat' dir='ltr'>eciam</span> <span class='ocrx_word' id='word_1_110' title='bbox 857 2014 982 2089; x_wconf 89' lang='lat' dir='ltr'>Letthi</span> <span class='ocrx_word' id='word_1_111' title='bbox 1001 2014 1127 2088; x_wconf 88' lang='lat' dir='ltr'>omnia</span> <span class='ocrx_word' id='word_1_112' title='bbox 1142 2016 1257 2112; x_wconf 72' lang='lat' dir='ltr'>mala,</span> <span class='ocrx_word' id='word_1_113' title='bbox 1278 2037 1350 2111; x_wconf 89' lang='lat' dir='ltr'>qne</span> <span class='ocrx_word' id='word_1_114' title='bbox 1364 2007 1448 2106; x_wconf 80' lang='lat' dir='ltr'>eogi-</span> 
     </span>
     <span class='ocr_line' id='line_1_17' title="bbox 371 2106 1447 2215; baseline -0.008 -28"><span class='ocrx_word' id='word_1_115' title='bbox 371 2117 501 2187; x_wconf 85' lang='lat' dir='ltr'>tabant</span> <span class='ocrx_word' id='word_1_116' title='bbox 531 2114 691 2188; x_wconf 82' lang='lat' dir='ltr'>Estones</span> <span class='ocrx_word' id='word_1_117' title='bbox 716 2116 896 2191; x_wconf 89' lang='lat' dir='ltr'>adversus</span> <span class='ocrx_word' id='word_1_118' title='bbox 926 2115 1144 2212; x_wconf 75' lang='lat' dir='ltr'>Lyvoniam⁷</span> <span class='ocrx_word' id='word_1_119' title='bbox 1179 2122 1362 2215; x_wconf 89' lang='lat' dir='ltr'>ceperunt</span> <span class='ocrx_word' id='word_1_120' title='bbox 1387 2106 1447 2206; x_wconf 91' lang='lat' dir='ltr'>ipsi</span> 
     </span>
     <span class='ocr_line' id='line_1_18' title="bbox 371 2209 1446 2313; baseline -0.008 -26"><span class='ocrx_word' id='word_1_121' title='bbox 371 2215 498 2287; x_wconf 89' lang='lat' dir='ltr'>statim</span> <span class='ocrx_word' id='word_1_122' title='bbox 518 2238 671 2288; x_wconf 88' lang='lat' dir='ltr'>movere</span> <span class='ocrx_word' id='word_1_123' title='bbox 689 2216 786 2288; x_wconf 87' lang='lat' dir='ltr'>bella</span> <span class='ocrx_word' id='word_1_124' title='bbox 805 2241 890 2289; x_wconf 89' lang='lat' dir='ltr'>cum</span> <span class='ocrx_word' id='word_1_125' title='bbox 910 2216 1123 2313; x_wconf 78' lang='lat' dir='ltr'>Estonibus,</span> <span class='ocrx_word' id='word_1_126' title='bbox 1142 2227 1181 2290; x_wconf 94' lang='lat' dir='ltr'>et</span> <span class='ocrx_word' id='word_1_127' title='bbox 1197 2217 1279 2290; x_wconf 89' lang='lat' dir='ltr'>ibat</span> <span class='ocrx_word' id='word_1_128' title='bbox 1296 2209 1446 2287; x_wconf 88' lang='lat' dir='ltr'>Rameko</span> 
     </span>
     <span class='ocr_line' id='line_1_19' title="bbox 373 2313 1448 2414; baseline -0.006 -27"><span class='ocrx_word' id='word_1_129' title='bbox 373 2340 458 2387; x_wconf 91' lang='lat' dir='ltr'>cum</span> <span class='ocrx_word' id='word_1_130' title='bbox 485 2315 563 2388; x_wconf 88' lang='lat' dir='ltr'>suis</span> <span class='ocrx_word' id='word_1_131' title='bbox 589 2325 626 2389; x_wconf 91' lang='lat' dir='ltr'>et</span> <span class='ocrx_word' id='word_1_132' title='bbox 644 2316 862 2414; x_wconf 85' lang='lat' dir='ltr'>Warigerbe</span> <span class='ocrx_word' id='word_1_133' title='bbox 891 2342 978 2390; x_wconf 89' lang='lat' dir='ltr'>cum</span> <span class='ocrx_word' id='word_1_134' title='bbox 1005 2318 1087 2391; x_wconf 89' lang='lat' dir='ltr'>aliis</span> <span class='ocrx_word' id='word_1_135' title='bbox 1114 2317 1269 2390; x_wconf 90' lang='lat' dir='ltr'>Letthis·</span> <span class='ocrx_word' id='word_1_136' title='bbox 1286 2315 1322 2387; x_wconf 94' lang='lat' dir='ltr'>in</span> <span class='ocrx_word' id='word_1_137' title='bbox 1340 2313 1448 2410; x_wconf 82' lang='lat' dir='ltr'>Ugau·</span> 
     </span>
     <span class='ocr_line' id='line_1_20' title="bbox 371 2411 1446 2517; baseline -0.009 -29"><span class='ocrx_word' id='word_1_138' title='bbox 371 2416 485 2510; x_wconf 63' lang='lat' dir='ltr'>niam7</span> <span class='ocrx_word' id='word_1_139' title='bbox 513 2426 550 2491; x_wconf 91' lang='lat' dir='ltr'>et</span> <span class='ocrx_word' id='word_1_140' title='bbox 569 2416 822 2515; x_wconf 83' lang='lat' dir='ltr'>despoliantes</span> <span class='ocrx_word' id='word_1_141' title='bbox 840 2418 949 2491; x_wconf 90' lang='lat' dir='ltr'>villas</span> <span class='ocrx_word' id='word_1_142' title='bbox 976 2429 1013 2492; x_wconf 92' lang='lat' dir='ltr'>et</span> <span class='ocrx_word' id='word_1_143' title='bbox 1036 2419 1272 2517; x_wconf 84' lang='lat' dir='ltr'>captivantes</span> <span class='ocrx_word' id='word_1_144' title='bbox 1291 2411 1446 2488; x_wconf 92' lang='lat' dir='ltr'>homines</span> 
     </span>
     <span class='ocr_line' id='line_1_21' title="bbox 372 2513 1447 2617; baseline -0.011 -25"><span class='ocrx_word' id='word_1_145' title='bbox 372 2529 409 2592; x_wconf 90' lang='lat' dir='ltr'>et</span> <span class='ocrx_word' id='word_1_146' title='bbox 426 2517 706 2615; x_wconf 59' lang='lat' dir='ltr'>interficientes</span> <span class='ocrx_word' id='word_1_147' title='bbox 733 2519 855 2617; x_wconf 87' lang='lat' dir='ltr'>spolia</span> <span class='ocrx_word' id='word_1_148' title='bbox 881 2520 998 2593; x_wconf 88' lang='lat' dir='ltr'>multa</span> <span class='ocrx_word' id='word_1_149' title='bbox 1019 2521 1195 2594; x_wconf 89' lang='lat' dir='ltr'>tulerunt.</span> <span class='ocrx_word' id='word_1_150' title='bbox 1248 2519 1295 2590; x_wconf 87' lang='lat' dir='ltr'>Et</span> <span class='ocrx_word' id='word_1_151' title='bbox 1312 2513 1381 2587; x_wconf 91' lang='lat' dir='ltr'>illis</span> <span class='ocrx_word' id='word_1_152' title='bbox 1398 2533 1447 2581; x_wconf 92' lang='lat' dir='ltr'>re·</span> 
     </span>
     <span class='ocr_line' id='line_1_22' title="bbox 371 2614 1445 2715; baseline -0.007 -26"><span class='ocrx_word' id='word_1_153' title='bbox 371 2619 581 2715; x_wconf 70' lang='lat' dir='ltr'>deuntibuS‚</span> <span class='ocrx_word' id='word_1_154' title='bbox 608 2619 670 2690; x_wconf 88' lang='lat' dir='ltr'>alii</span> <span class='ocrx_word' id='word_1_155' title='bbox 689 2621 826 2694; x_wconf 91' lang='lat' dir='ltr'>iterum</span> <span class='ocrx_word' id='word_1_156' title='bbox 842 2621 1013 2694; x_wconf 91' lang='lat' dir='ltr'>abierunt</span> <span class='ocrx_word' id='word_1_157' title='bbox 1030 2630 1068 2694; x_wconf 94' lang='lat' dir='ltr'>et</span> <span class='ocrx_word' id='word_1_158' title='bbox 1086 2620 1225 2693; x_wconf 85' lang='lat' dir='ltr'>similia</span> <span class='ocrx_word' id='word_1_159' title='bbox 1245 2618 1344 2692; x_wconf 89' lang='lat' dir='ltr'>mala</span> <span class='ocrx_word' id='word_1_160' title='bbox 1360 2614 1445 2685; x_wconf 85' lang='lat' dir='ltr'>leoe-</span> 
     </span>
     <span class='ocr_line' id='line_1_23' title="bbox 370 2709 1444 2819; baseline -0.009 -28"><span class='ocrx_word' id='word_1_161' title='bbox 370 2729 466 2793; x_wconf 90' lang='lat' dir='ltr'>runt.</span> <span class='ocrx_word' id='word_1_162' title='bbox 528 2719 708 2794; x_wconf 89' lang='lat' dir='ltr'>Similiter</span> <span class='ocrx_word' id='word_1_163' title='bbox 738 2719 898 2794; x_wconf 85' lang='lat' dir='ltr'>Estones</span> <span class='ocrx_word' id='word_1_164' title='bbox 929 2722 1085 2795; x_wconf 90' lang='lat' dir='ltr'>Letthos</span> <span class='ocrx_word' id='word_1_165' title='bbox 1118 2726 1384 2819; x_wconf 85' lang='lat' dir='ltr'>persequentes</span> <span class='ocrx_word' id='word_1_166' title='bbox 1413 2709 1444 2781; x_wconf 93' lang='lat' dir='ltr'>in</span> 
     </span>
     <span class='ocr_line' id='line_1_24' title="bbox 369 2820 1402 2917; baseline -0.012 -23"><span class='ocrx_word' id='word_1_167' title='bbox 369 2820 556 2896; x_wconf 88' lang='lat' dir='ltr'>Letthiam</span> <span class='ocrx_word' id='word_1_168' title='bbox 576 2832 770 2917; x_wconf 75' lang='lat' dir='ltr'>venerunt,</span> <span class='ocrx_word' id='word_1_169' title='bbox 798 2832 836 2894; x_wconf 90' lang='lat' dir='ltr'>et</span> <span class='ocrx_word' id='word_1_170' title='bbox 853 2822 989 2895; x_wconf 86' lang='lat' dir='ltr'>similia</span> <span class='ocrx_word' id='word_1_171' title='bbox 1007 2824 1108 2896; x_wconf 89' lang='lat' dir='ltr'>mala</span> <span class='ocrx_word' id='word_1_172' title='bbox 1126 2821 1402 2896; x_wconf 89' lang='lat' dir='ltr'>commiserunt.</span> 
     </span>
    </p>

    <p class='ocr_par' dir='ltr' id='par_1_6' title="bbox 288 2915 1480 4331">
     <span class='ocr_line' id='line_1_25' title="bbox 288 2915 1444 3012; baseline -0.005 -18"><span class='ocrx_word' id='word_1_173' title='bbox 288 2921 360 3011; x_wconf 75' lang='lat'><strong>(13.)</strong></span> <span class='ocrx_word' id='word_1_174' title='bbox 445 2922 535 2994; x_wconf 89' lang='lat' dir='ltr'>Post</span> <span class='ocrx_word' id='word_1_175' title='bbox 551 2923 624 2995; x_wconf 92' lang='lat' dir='ltr'>hoc</span> <span class='ocrx_word' id='word_1_176' title='bbox 643 2922 762 2996; x_wconf 91' lang='lat' dir='ltr'>eciam</span> <span class='ocrx_word' id='word_1_177' title='bbox 781 2923 917 2997; x_wconf 88' lang='lat' dir='ltr'>fratres</span> <span class='ocrx_word' id='word_1_178' title='bbox 940 2923 1072 2998; x_wconf 90' lang='lat' dir='ltr'>militie</span> <span class='ocrx_word' id='word_1_179' title='bbox 1090 2924 1265 2997; x_wconf 87' lang='lat' dir='ltr'>abierunt</span> <span class='ocrx_word' id='word_1_180' title='bbox 1282 2921 1319 2993; x_wconf 93' lang='lat' dir='ltr'>in</span> <span class='ocrx_word' id='word_1_181' title='bbox 1336 2915 1444 3012; x_wconf 84' lang='lat' dir='ltr'>Ugau·</span> 
     </span>
     <span class='ocr_line' id='line_1_26' title="bbox 370 3020 1480 3122; baseline -0.008 -27"><span class='ocrx_word' id='word_1_182' title='bbox 370 3021 484 3117; x_wconf 69' lang='lat' dir='ltr'>niam7</span> <span class='ocrx_word' id='word_1_183' title='bbox 504 3032 541 3096; x_wconf 88' lang='lat' dir='ltr'>et</span> <span class='ocrx_word' id='word_1_184' title='bbox 554 3023 662 3096; x_wconf 91' lang='lat' dir='ltr'>villas</span> <span class='ocrx_word' id='word_1_185' title='bbox 682 3025 863 3120; x_wconf 88' lang='lat' dir='ltr'>quasdam</span> <span class='ocrx_word' id='word_1_186' title='bbox 882 3026 1129 3122; x_wconf 83' lang='lat' dir='ltr'>depredantes</span> <span class='ocrx_word' id='word_1_187' title='bbox 1149 3035 1186 3099; x_wconf 92' lang='lat' dir='ltr'>et</span> <span class='ocrx_word' id='word_1_188' title='bbox 1202 3020 1442 3122; x_wconf 69' lang='lat' dir='ltr'>incendentes,</span> <span class='ocrx_word' id='word_1_189' title='bbox 1478 3025 1480 3029; x_wconf 84' lang='lat'>&#39;</span> 
     </span>
     <span class='ocr_line' id='line_1_27' title="bbox 369 3122 1442 3222; baseline -0.005 -28"><span class='ocrx_word' id='word_1_190' title='bbox 369 3122 571 3195; x_wconf 87' lang='lat' dir='ltr'>Estonibus</span> <span class='ocrx_word' id='word_1_191' title='bbox 598 3123 734 3196; x_wconf 91' lang='lat' dir='ltr'>similia</span> <span class='ocrx_word' id='word_1_192' title='bbox 759 3125 861 3197; x_wconf 90' lang='lat' dir='ltr'>mala</span> <span class='ocrx_word' id='word_1_193' title='bbox 885 3124 1101 3222; x_wconf 72' lang='lat' dir='ltr'>intulerunt,</span> <span class='ocrx_word' id='word_1_194' title='bbox 1129 3136 1168 3201; x_wconf 92' lang='lat' dir='ltr'>et</span> <span class='ocrx_word' id='word_1_195' title='bbox 1192 3127 1388 3200; x_wconf 89' lang='lat' dir='ltr'>redeuntes</span> <span class='ocrx_word' id='word_1_196' title='bbox 1411 3134 1442 3180; x_wconf 79' lang='lat' dir='ltr'>1ss</span> 
     </span>
     <span class='ocr_line' id='line_1_28' title="bbox 370 3223 1441 3325; baseline -0.005 -31"><span class='ocrx_word' id='word_1_197' title='bbox 370 3223 503 3320; x_wconf 83' lang='lat' dir='ltr'>Rigam</span> <span class='ocrx_word' id='word_1_198' title='bbox 530 3235 801 3298; x_wconf 88' lang='lat' dir='ltr'>revocaverunt</span> <span class='ocrx_word' id='word_1_199' title='bbox 819 3226 918 3298; x_wconf 89' lang='lat' dir='ltr'>viros</span> <span class='ocrx_word' id='word_1_200' title='bbox 947 3226 1112 3325; x_wconf 87' lang='lat' dir='ltr'>episcopi</span> <span class='ocrx_word' id='word_1_201' title='bbox 1138 3227 1252 3299; x_wconf 92' lang='lat' dir='ltr'>simul</span> <span class='ocrx_word' id='word_1_202' title='bbox 1271 3235 1309 3298; x_wconf 90' lang='lat' dir='ltr'>et</span> <span class='ocrx_word' id='word_1_203' title='bbox 1326 3231 1441 3292; x_wconf 78' lang='lat' dir='ltr'>omnes</span> 
     </span>
     <span class='ocr_line' id='line_1_29' title="bbox 369 3321 1441 3422; baseline -0.008 -27"><span class='ocrx_word' id='word_1_204' title='bbox 369 3324 661 3422; x_wconf 72' lang='lat' dir='ltr'>TheuthonicoS,</span> <span class='ocrx_word' id='word_1_205' title='bbox 697 3335 737 3398; x_wconf 91' lang='lat' dir='ltr'>ut</span> <span class='ocrx_word' id='word_1_206' title='bbox 768 3325 822 3399; x_wconf 92' lang='lat' dir='ltr'>eis</span> <span class='ocrx_word' id='word_1_207' title='bbox 854 3326 1033 3400; x_wconf 87' lang='lat' dir='ltr'>auxilium</span> <span class='ocrx_word' id='word_1_208' title='bbox 1065 3338 1194 3401; x_wconf 89' lang='lat' dir='ltr'>eontra</span> <span class='ocrx_word' id='word_1_209' title='bbox 1219 3321 1441 3402; x_wconf 84' lang='lat' dir='ltr'>ferocitatem</span> 
     </span>
     <span class='ocr_line' id='line_1_30' title="bbox 368 3411 1441 3525; baseline -0.008 -28"><span class='ocrx_word' id='word_1_210' title='bbox 368 3424 551 3498; x_wconf 86' lang='lat' dir='ltr'>Estonum</span> <span class='ocrx_word' id='word_1_211' title='bbox 578 3429 789 3524; x_wconf 91' lang='lat' dir='ltr'>preberent.</span> <span class='ocrx_word' id='word_1_212' title='bbox 834 3430 881 3501; x_wconf 92' lang='lat' dir='ltr'>At</span> <span class='ocrx_word' id='word_1_213' title='bbox 905 3427 959 3500; x_wconf 91' lang='lat' dir='ltr'>illi</span> <span class='ocrx_word' id='word_1_214' title='bbox 985 3451 1116 3502; x_wconf 88' lang='lat' dir='ltr'>omnes</span> <span class='ocrx_word' id='word_1_215' title='bbox 1144 3453 1217 3501; x_wconf 92' lang='lat' dir='ltr'>uno</span> <span class='ocrx_word' id='word_1_216' title='bbox 1246 3450 1311 3502; x_wconf 89' lang='lat' dir='ltr'>ore</span> <span class='ocrx_word' id='word_1_217' title='bbox 1328 3411 1441 3525; x_wconf 81' lang='lat' dir='ltr'>simul:</span> 
     </span>
     <span class='ocr_line' id='line_1_31' title="bbox 369 3525 1439 3628; baseline -0.004 -31"><span class='ocrx_word' id='word_1_218' title='bbox 369 3525 410 3598; x_wconf 81' lang='lat' dir='ltr'>st</span> <span class='ocrx_word' id='word_1_219' title='bbox 436 3527 634 3621; x_wconf 78' lang='lat' dir='ltr'>volueritis,</span> <span class='ocrx_word' id='word_1_220' title='bbox 670 3527 852 3625; x_wconf 75' lang='lat' dir='ltr'>inquiunt,</span> <span class='ocrx_word' id='word_1_221' title='bbox 885 3528 1029 3602; x_wconf 79' lang='lat' dir='ltr'>ecclesie</span> <span class='ocrx_word' id='word_1_222' title='bbox 1056 3529 1159 3602; x_wconf 84' lang='lat' dir='ltr'>beate</span> <span class='ocrx_word' id='word_1_223' title='bbox 1183 3527 1301 3602; x_wconf 75' lang='lat' dir='ltr'>Marte</span> <span class='ocrx_word' id='word_1_224' title='bbox 1325 3527 1357 3595; x_wconf 84' lang='lat' dir='ltr'>at</span> <span class='ocrx_word' id='word_1_225' title='bbox 1377 3535 1439 3628; x_wconf 68' lang='lat' dir='ltr'>ept-</span> 
     </span>
     <span class='ocr_line' id='line_1_32' title="bbox 367 3614 1440 3723; baseline -0.015 -23"><span class='ocrx_word' id='word_1_226' title='bbox 367 3637 479 3721; x_wconf 81' lang='lat' dir='ltr'>e&#39;copo</span> <span class='ocrx_word' id='word_1_227' title='bbox 498 3627 643 3722; x_wconf 79' lang='lat' dir='ltr'>Ripenn‘</span> <span class='ocrx_word' id='word_1_228' title='bbox 660 3652 767 3701; x_wconf 77' lang='lat' dir='ltr'>raam</span> <span class='ocrx_word' id='word_1_229' title='bbox 785 3632 930 3702; x_wconf 77' lang='lat' dir='ltr'>tertiam</span> <span class='ocrx_word' id='word_1_230' title='bbox 952 3636 1098 3723; x_wconf 87' lang='lat' dir='ltr'>partem</span> <span class='ocrx_word' id='word_1_231' title='bbox 1122 3633 1160 3702; x_wconf 88' lang='lat' dir='ltr'>in</span> <span class='ocrx_word' id='word_1_232' title='bbox 1176 3629 1331 3702; x_wconf 76' lang='lat' dir='ltr'>Estoaia</span> <span class='ocrx_word' id='word_1_233' title='bbox 1347 3614 1440 3692; x_wconf 83' lang='lat' dir='ltr'>relm-</span> 
     </span>
     <span class='ocr_line' id='line_1_33' title="bbox 368 3722 1439 3825; baseline -0.01 -26"><span class='ocrx_word' id='word_1_234' title='bbox 368 3751 492 3825; x_wconf 80' lang='lat' dir='ltr'>qaere‚</span> <span class='ocrx_word' id='word_1_235' title='bbox 527 3730 751 3822; x_wconf 70' lang='lat' dir='ltr'>aepiscopo</span> <span class='ocrx_word' id='word_1_236' title='bbox 773 3729 985 3803; x_wconf 83' lang='lat' dir='ltr'>Hermanno</span> <span class='ocrx_word' id='word_1_237' title='bbox 1009 3754 1116 3803; x_wconf 81' lang='lat' dir='ltr'>snam</span> <span class='ocrx_word' id='word_1_238' title='bbox 1141 3732 1284 3804; x_wconf 83' lang='lat' dir='ltr'>tertiam</span> <span class='ocrx_word' id='word_1_239' title='bbox 1309 3722 1439 3824; x_wconf 76' lang='lat' dir='ltr'>partem¹</span> 
     </span>
     <span class='ocr_line' id='line_1_34' title="bbox 368 3817 1439 3926; baseline -0.007 -25"><span class='ocrx_word' id='word_1_240' title='bbox 368 3827 520 3901; x_wconf 84' lang='lat' dir='ltr'>liberam</span> <span class='ocrx_word' id='word_1_241' title='bbox 537 3832 735 3923; x_wconf 72' lang='lat' dir='ltr'>restituere,</span> <span class='ocrx_word' id='word_1_242' title='bbox 763 3837 796 3902; x_wconf 85' lang='lat' dir='ltr'>et</span> <span class='ocrx_word' id='word_1_243' title='bbox 812 3855 877 3903; x_wconf 77' lang='lat' dir='ltr'>vos</span> <span class='ocrx_word' id='word_1_244' title='bbox 895 3834 1002 3904; x_wconf 84' lang='lat' dir='ltr'>tertia</span> <span class='ocrx_word' id='word_1_245' title='bbox 1026 3838 1134 3926; x_wconf 86' lang='lat' dir='ltr'>parte</span> <span class='ocrx_word' id='word_1_246' title='bbox 1150 3837 1271 3906; x_wconf 77' lang='lat' dir='ltr'>vestm</span> <span class='ocrx_word' id='word_1_247' title='bbox 1297 3817 1439 3899; x_wconf 63' lang='lat' dir='ltr'>contenit</span> 
     </span>
     <span class='ocr_line' id='line_1_35' title="bbox 369 3926 1438 4026; baseline -0.003 -24"><span class='ocrx_word' id='word_1_248' title='bbox 369 3953 455 4024; x_wconf 79' lang='lat' dir='ltr'>esse,</span> <span class='ocrx_word' id='word_1_249' title='bbox 488 3927 637 4002; x_wconf 81' lang='lat' dir='ltr'>libenter</span> <span class='ocrx_word' id='word_1_250' title='bbox 660 3930 762 4004; x_wconf 76' lang='lat' dir='ltr'>voltis</span> <span class='ocrx_word' id='word_1_251' title='bbox 789 3931 967 4005; x_wconf 71' lang='lat' dir='ltr'>aemiliam</span> <span class='ocrx_word' id='word_1_252' title='bbox 989 3930 1245 4026; x_wconf 74' lang='lat' dir='ltr'>prestabimus.</span> <span class='ocrx_word' id='word_1_253' title='bbox 1299 3926 1343 3999; x_wconf 77' lang='lat' dir='ltr'>tlt</span> <span class='ocrx_word' id='word_1_254' title='bbox 1364 3936 1438 4017; x_wconf 79' lang='lat' dir='ltr'>pr0·</span> 
     </span>
     <span class='ocr_line' id='line_1_36' title="bbox 368 4026 1438 4133; baseline -0.015 -32"><span class='ocrx_word' id='word_1_255' title='bbox 368 4030 553 4103; x_wconf 90' lang='lat' dir='ltr'>miserunt</span> <span class='ocrx_word' id='word_1_256' title='bbox 584 4029 760 4129; x_wconf 90' lang='lat' dir='ltr'>deinceps</span> <span class='ocrx_word' id='word_1_257' title='bbox 793 4031 979 4131; x_wconf 92' lang='lat' dir='ltr'>episcopis</span> <span class='ocrx_word' id='word_1_258' title='bbox 1010 4057 1098 4106; x_wconf 88' lang='lat' dir='ltr'>suas</span> <span class='ocrx_word' id='word_1_259' title='bbox 1130 4034 1295 4132; x_wconf 85' lang='lat' dir='ltr'>integras</span> <span class='ocrx_word' id='word_1_260' title='bbox 1325 4026 1438 4133; x_wconf 80' lang='lat' dir='ltr'>partes</span> 
     </span>
     <span class='ocr_line' id='line_1_37' title="bbox 369 4125 1437 4225; baseline -0.013 -23"><span class='ocrx_word' id='word_1_261' title='bbox 369 4129 565 4204; x_wconf 90' lang='lat' dir='ltr'>dimittere.</span> <span class='ocrx_word' id='word_1_262' title='bbox 610 4130 715 4204; x_wconf 94' lang='lat' dir='ltr'>Unde</span> <span class='ocrx_word' id='word_1_263' title='bbox 742 4134 866 4206; x_wconf 88' lang='lat' dir='ltr'>statim</span> <span class='ocrx_word' id='word_1_264' title='bbox 893 4144 1136 4208; x_wconf 86' lang='lat' dir='ltr'>surrexerunt</span> <span class='ocrx_word' id='word_1_265' title='bbox 1158 4155 1288 4208; x_wconf 92' lang='lat' dir='ltr'>omnes</span> <span class='ocrx_word' id='word_1_266' title='bbox 1306 4125 1369 4200; x_wconf 83' lang='lat' dir='ltr'>viri</span> <span class='ocrx_word' id='word_1_267' title='bbox 1387 4136 1437 4225; x_wconf 72' lang='lat' dir='ltr'>eo·</span> 
     </span>
     <span class='ocr_line' id='line_1_38' title="bbox 369 4217 1436 4331; baseline -0.011 -29"><span class='ocrx_word' id='word_1_268' title='bbox 369 4229 495 4328; x_wconf 71' lang='lat' dir='ltr'>elesie,</span> <span class='ocrx_word' id='word_1_269' title='bbox 515 4241 551 4306; x_wconf 89' lang='lat' dir='ltr'>et</span> <span class='ocrx_word' id='word_1_270' title='bbox 565 4246 865 4308; x_wconf 84' lang='lat' dir='ltr'>convocaverunt</span> <span class='ocrx_word' id='word_1_271' title='bbox 879 4236 924 4310; x_wconf 92' lang='lat' dir='ltr'>de</span> <span class='ocrx_word' id='word_1_272' title='bbox 937 4234 1150 4331; x_wconf 87' lang='lat' dir='ltr'>Lyvonibus</span> <span class='ocrx_word' id='word_1_273' title='bbox 1166 4235 1243 4309; x_wconf 91' lang='lat' dir='ltr'>suis</span> <span class='ocrx_word' id='word_1_274' title='bbox 1258 4243 1295 4308; x_wconf 93' lang='lat' dir='ltr'>et</span> <span class='ocrx_word' id='word_1_275' title='bbox 1306 4217 1436 4302; x_wconf 78' lang='lat' dir='ltr'>tartha</span> 
     </span>
    </p>
   </div>
   <div class='ocr_carea' id='block_1_4' title="bbox 0 0 1546 5018">
    <p class='ocr_par' dir='ltr' id='par_1_7' title="bbox 0 0 1546 5018">
     <span class='ocr_line' id='line_1_39' title="bbox 0 0 1546 5018; baseline 0 2"><span class='ocrx_word' id='word_1_276' title='bbox 0 0 1546 5018; x_wconf 95' lang='lat' dir='ltr'> </span> 
     </span>
    </p>
   </div>
  </div>
 </body>
</html>
