3016 5016
287 443 337 517 ιι
430 383 644 516 ιιιιιιιιιοι
672 437 949 514 cunorucon
975 437 1227 514 nvvonrnu.

243 653 248 664 '
285 641 477 716 mittentes
496 651 619 715 sortes
637 650 676 714 et
689 641 926 755 postulantes
941 642 1110 715 favorem
1124 639 1281 714 deorum
1296 661 1384 712 suo·

266 767 370 816 ’rum
388 753 426 816 et
444 742 686 840 inquirentes,
706 742 746 814 si
769 740 944 816 videlicet
962 741 1064 815 fama
1082 739 1294 815 adventus
1284 761 1382 839 ipso-

284 868 370 917 rum
401 842 665 942 pervolaverit,
697 851 735 916 et
765 840 797 915 si
827 841 857 914 l
860 843 1018 918 ethones
1048 841 1197 916 venturi
1228 840 1304 914 sint
1334 841 1381 913 ad

285 944 528 1058 pugnandum
546 953 680 1016 contra
698 947 776 1017 eos.
821 942 867 1015 Et
892 941 1025 1020 cecidit
1050 965 1146 1036 sors,
1174 952 1213 1016 et
1238 943 1383 1015 famam

284 1044 502 1144 pervenisse
540 1053 580 1118 et
609 1041 800 1118 Lethones
838 1044 883 1115 ad
923 1043 1066 1117 bellurn
1097 1052 1250 1141 paratos
1282 1065 1379 1117 esse.

283 1144 389 1220 llnde
419 1144 645 1244 stupefacti
650 1143 856 1258 Semigalli
886 1143 1020 1236 nimie,
1066 1145 1110 1216 ad
1145 1143 1383 1217 redeundum

282 1246 564 1321 Theuthonicos
583 1243 754 1341 invitant,
781 1269 844 1318 eo
853 1244 952 1341 quod
971 1244 1185 1317 Lethonum
1206 1242 1317 1317 valde
1334 1243 1383 1315 ti·

284 1357 412 1421 meant
447 1345 642 1419 insultum.
708 1343 783 1419 Sed
819 1343 1067 1418 Theuthonici
1103 1345 1382 1443 respondentes
1499 1364 1502 1368 ’

284 1445 476 1520 dixerunt:
511 1437 623 1540 Adsit,
650 1444 833 1543 inquiunt,
860 1467 937 1518 rem
953 1445 1201 1540 benefacere,
1227 1451 1270 1518 ut
1284 1447 1384 1540 supi-

284 1568 391 1619 omus
421 1545 469 1618 ad
496 1548 547 1626 eis
577 1551 611 1618 et
635 1547 838 1633 inferamus
865 1547 999 1618 crimen
1026 1547 1123 1641 penti
1147 1549 1281 1642 nostre,
1313 1543 1382 1618 sed

283 1669 410 1720 eumue
436 1645 488 1718 ad
514 1643 750 1719 adversarios
774 1651 920 1718 nostros
936 1647 969 1718 si
986 1649 1191 1741 poterimus
1208 1667 1382 1742 pugnare
1502 1646 1504 1649 ’

161 1763 196 1832 ᾖ
249 1745 379 1820 ¹ctam
392 1748 453 1820 eis.
507 1746 567 1818 Et
574 1770 654 1820 ιιοιι
682 1755 857 1844 poterant
883 1756 1055 1821 avertere
1082 1769 1148 1821 eos
1167 1743 1379 1846 Semigalli.

283 1847 374 1921 Erat
392 1847 493 1922 enim
511 1843 806 1944 Semigallorum
825 1845 970 1919 infinita
994 1847 1206 1944 multitudo,
1234 1773 1299 1921 deg
1298 1847 1380 1945 qui·

283 1951 351 2022 bus
370 1947 608 2022 confidebant
625 1946 886 2041 Theuthonici,
904 1947 993 2020 licet
1010 1946 1224 2045 pluviarum
1243 1957 1280 2021 et
1298 1973 1378 2044 ym-

283 2049 404 2122 brium
435 2047 550 2138 nimia
582 2058 700 2121 esset
713 2046 943 2121 inundantia.
1002 2047 1213 2121 Prooedunt
1248 2057 1377 2122 tamen

282 2149 461 2223 audacter
479 2149 516 2220 in
534 2147 770 2246 bethoniam,
797 2158 837 2222 et
853 2145 1061 2222 dividentes
1080 2146 1180 2222 acies
1199 2171 1289 2230 suas
1308 2170 1379 2246 per

279 2249 401 2345 villas,
433 2247 627 2324 inveniunt
657 2255 721 2324 ea's
752 2271 892 2322 vacuas
924 2258 962 2322 et
990 2249 1092 2321 viros
1123 2272 1256 2322 omnes
1288 2272 1377 2322 com

282 2349 502 2424 mulieribus
529 2359 567 2422 et
593 2349 760 2448 parvulis
780 2373 849 2448 per
877 2349 1009 2447 fugam
1037 2347 1216 2440 evasisse.
1269 2349 1376 2424 Unde

281 2449 457 2524 timentes
483 2448 553 2526 sibi
580 2449 755 2524 bellum
746 2449 942 2523 imminere
970 2448 1193 2546 quantocius
1218 2473 1375 2548 congre·
1428 2506 1432 2510 -

281 2561 418 2664 gantur
435 2551 472 2623 in
492 2575 620 2648 unum,
651 2561 689 2624 et
712 2551 853 2624 nullam
873 2572 1020 2622 moram
1038 2549 1221 2624 iacientes
1239 2550 1373 2624 eodem

281 2651 341 2726 die
371 2653 418 2725 ad
449 2651 611 2725 reditum
639 2674 681 2724 se
711 2660 927 2750 preparant.
982 2650 1089 2738 Quod
1118 2649 1392 2766 intelligentes

279 2752 482 2848 Lethones,
508 2749 708 2825 velocitate
727 2774 910 2848 equorum
935 2767 1091 2824 suorum
1118 2775 1184 2825 eos
1212 2750 1375 2849 undique

281 2851 564 2947 circumvolant
601 2861 650 2948 et,
684 2861 794 2949 prout
779 2840 1052 2924 tconsuetudo
1088 2875 1220 2927 eorum
1247 2852 1373 2950 habet,

280 2952 596 3026 circumferuntur
621 2953 694 3024 hac
718 2961 756 3024 et
782 2950 882 3046 illac,
908 2951 1020 3023 modo
1040 2951 1232 3050 fugiendo,
1258 2953 1372 3024 modo

279 3053 553 3151 persequendo,
574 3062 612 3124 et
629 3052 846 3125 lancearum
864 3075 1021 3124 suorum
1036 3062 1073 3144 et
1087 3054 1270 3150 pedorum
1284 3053 1374 3125 mis·

280 3153 386 3226 sione
411 3175 524 3250 quarn
543 3153 672 3251 plures
689 3133 898 3238 vulnerant.
936 3153 1050 3224 Porro
1069 3152 1343 3227 Theuthonici
1333 3178 1372 3226 ιιι

281 3277 397 3326 ιιιιιιιιι
428 3277 470 3328 se
497 3253 773 3354 conglobantes
805 3277 967 3326 cuneum
993 3264 1031 3328 et
1051 3253 1258 3326 exercitum
1285 3265 1374 3353 post

279 3364 429 3452 tergum
448 3351 716 3468 custodientes,
743 3352 972 3450 Semigallos
997 3352 1121 3452 preire
1140 3355 1371 3451 permittunt
1399 3375 1402 3379 ·

280 3454 352 3556 Qui
381 3464 537 3568 repente
568 3453 604 3526 in
631 3455 762 3552 fugam
793 3453 984 3549 conversi,
1018 3454 1113 3527 alius
1141 3465 1228 3553 post
1254 3454 1372 3542 alium

280 3551 402 3630 semet
425 3555 527 3648 ipsos
553 3555 807 3628 conculcando
833 3554 1068 3653 opprimunt,
1103 3555 1166 3627 alii
1193 3555 1307 3628 silvas
1335 3565 1374 3629 et

280 3655 436 3769 paludes
455 3665 640 3752 querunt,
655 3666 694 3728 et
709 3666 830 3728 totum
849 3655 996 3753 pondus
1016 3654 1127 3769 prelii
1141 3679 1294 3730 versum
1313 3665 1374 3728 est

248 3799 251 3805 ·
279 3757 316 3828 in
335 3755 626 3829 Theuthonicos.
668 3756 774 3831 Unde
801 3756 952 3853 quidam
980 3780 1025 3828 ex
1049 3755 1141 3853 ipsis
1166 3755 1374 3840 fortissime

279 3879 320 3928 se
335 3856 579 3930 defendentes
594 3856 655 3929 diu
670 3866 945 3975 pugnaverunt,
960 3865 997 3929 et
1009 3879 1096 3929 cum
1104 3855 1218 3955 pauci
1232 3865 1372 3952 essent,

279 3965 382 4028 tante
404 3955 631 4031 multitudini
659 3958 852 4032 resistere
866 3981 941 4028 non
969 3955 1153 4030 valebant.
1205 3958 1373 4032 Aderant

280 4055 399 4128 eciam
427 4056 678 4132 strenuissimi
703 4057 791 4155 viri,
819 4055 1014 4130 Gerwinus
1039 4067 1077 4132 et
1099 4057 1257 4133 Rabodo
1284 4081 1373 4130 cum

277 4155 447 4259 pluribus
466 4157 561 4256 aliis,
588 4159 650 4255 qui
677 4168 764 4256 post
790 4158 1004 4232 diuturnam
1030 4184 1199 4259 pugnam
1219 4157 1371 4256 quidam
