3104 5012
304 461 516 537 HElNRlCl
543 459 820 534 CHRONlCON
847 460 1097 534 LYVONIAE.
1200 469 1248 540 87

9 723 16 756 ,
180 665 333 753 ontifioe
365 661 589 738 auctoritate
627 661 665 734 in
694 663 956 736 transmarinis
987 665 1117 763 terris,
1156 693 1249 765 quas

153 696 258 842 lleus
293 791 362 864 per
400 763 662 858 Lyvonensem
700 764 900 837 eeclesiam
938 764 1027 839 fidei
1064 766 1252 843 subiceret

9 865 17 976 ζ
151 867 370 962 christiane,
398 862 480 938 vice
507 862 781 964 archiepiscopi
809 863 1009 964 episcopos
1035 868 1186 940 creandi
1214 879 1251 943 et

153 965 413 1062 consecrandi,
428 963 701 1039 Theodericum
716 966 889 1037 abbatem
905 964 1178 1061 Cysterciensis
1194 993 1251 1042 or-

13 1059 18 1067 ’
153 1069 253 1141 dinis
279 1069 317 1141 in
344 1064 593 1138 Dunemunde
611 1064 681 1137 sibi
705 1073 992 1164 cooperatorem
1011 1067 1173 1140 continui
1193 1071 1251 1143 sui

152 1168 295 1243 laboris
316 1165 534 1263 assumpsit,
561 1173 597 1239 et
620 1164 659 1236 in
685 1164 838 1237 Estonia
864 1165 1087 1263 promittens
1107 1168 1252 1268 episoo·
1373 1209 1380 1226 ι

152 1279 287 1368 patum
315 1266 457 1342 eumin
483 1265 704 1363 episcopum
731 1266 986 1361 consecravit,
1017 1267 1251 1342 Bernardum

152 1393 245 1444 vero
272 1370 318 1443 de
342 1365 476 1466 Lippia
500 1366 538 1437 in
557 1367 732 1439 abbatem
750 1366 997 1439 consecravit.
1041 1367 1146 1443 Idem
1163 1369 1251 1443 Ber-

154 1470 295 1542 nardus
327 1490 454 1541 comes
486 1466 575 1540 dum
606 1467 795 1564 quondam
833 1467 870 1538 in
900 1476 1003 1540 terra
1033 1491 1100 1542 sua
1132 1470 1251 1567 prelia

154 1570 277 1644 multa
304 1578 342 1643 et
367 1565 540 1642 incendia
567 1575 605 1640 et
631 1565 783 1666 rapinas
811 1567 1085 1666 committeret,
1122 1593 1142 1641 a
1169 1570 1249 1645 Deo

9 1757 11 1774 ,
155 1669 364 1768 castigatus
384 1668 538 1767 plagam
558 1665 760 1740 debilitatis
785 1665 823 1736 in
841 1667 997 1765 pedibus
1015 1667 1182 1768 incurrit,
1210 1681 1252 1742 ut

13 1817 19 1825 ·
156 1771 314 1844 claudus
340 1778 501 1864 utroque
526 1767 621 1865 pede
640 1767 678 1838 in
697 1775 827 1864 sporta
852 1767 981 1840 multis
1010 1769 1139 1842 diebus
1166 1794 1251 1868 por·

9 1871 12 1902 ³
155 1880 312 1946 taretur.
355 1869 460 1942 Unde
480 1877 740 1964 compunctuS,
768 1865 1253 1964 religionem‘Cystercien-

156 1969 379 2044 sisordinis
406 1967 629 2066 assumpsit,
662 1975 700 2040 et
726 1966 870 2063 aliquot
896 1967 1002 2040 annis
1028 1969 1251 2068 religionem

157 2071 307 2144 discens
328 2080 364 2142 et
387 2069 538 2166 literas,
558 2066 822 2140 auctoritatem
846 2093 867 2140 a
894 2069 1031 2141 domno
1056 2093 1154 2168 papa
1172 2095 1253 2145 ver·

157 2174 247 2244 bum
278 2170 350 2243 Dei
381 2167 598 2269 predicandi
629 2168 728 2241 etin
758 2168 966 2262 Lyvoniam
991 2169 1253 2267 proficiscendi
1334 2232 1338 2238 .

158 2271 317 2370 accepit,
345 2280 394 2366 et,
423 2280 464 2342 ut
480 2268 562 2367 ipse
581 2267 708 2366 sepius
726 2268 867 2364 retulit,
893 2280 1049 2368 accepta
1067 2295 1178 2345 cruce
1207 2273 1252 2343 ad

156 2383 299 2446 terram
318 2373 427 2444 beate
439 2368 602 2465 Virginis
622 2367 750 2440 statim
769 2368 1001 2442 consolidate
1019 2380 1106 2442 sunt
1123 2371 1253 2468 plante

158 2472 240 2547 eius
268 2481 306 2546 et
330 2470 474 2568 recepit
500 2468 702 2541 sanitatem
726 2469 883 2566 pedum,
916 2480 954 2542 et
978 2469 1015 2540 in
1041 2471 1163 2568 primo
1191 2473 1253 2544 ad·

157 2582 273 2648 ventu
293 2571 374 2646 eius
392 2571 430 2642 in
455 2569 661 2666 Lyvoniam
680 2568 717 2640 in
744 2567 992 2643 Dunemunde
1011 2582 1253 2645 consecratus

158 2684 218 2748 est
236 2674 274 2745 in
289 2674 475 2767 abbatem,
494 2680 533 2743 et
545 2670 787 2766 postmodum
801 2669 1095 2768 Semigallorum
1111 2671 1254 2771 episco-

156 2797 231 2873 pus
250 2773 408 2848 effectus
428 2769 547 2845 est34‘.

235 2874 408 2970 Lyvones
449 2893 598 2970 quoque
631 2880 717 2968 post
746 2872 932 2944 bellorum
963 2873 1083 2945 multa
1113 2871 1313 2956 incom-(t.)

158 2975 275 3050 moda
291 2985 370 3047 tam
389 2974 434 3046 de
449 2973 610 3044 adventu
626 2970 889 3069 episcoporum
908 2997 1020 3070 quam
1040 2974 1085 3046 de
1098 2972 1255 3046 victoria

158 3073 399 3148 inimieorum
427 3096 581 3146 suorum
608 3072 788 3170 letificati,
822 3075 1047 3147 conveniunt
1072 3074 1118 3148 de
1145 3074 1255 3147 Duna

160 3176 263 3250 etde
290 3174 486 3268 Thoreyda
511 3181 549 3246 et
572 3173 744 3245 omnibus
767 3172 903 3246 finibus
927 3174 1093 3272 Lyvonie
1116 3175 1256 3272 suppli·

160 3286 292 3349 cantes
319 3273 509 3374 episcopis
537 3285 575 3347 et
592 3284 764 3370 petentes
792 3277 873 3348 iura
899 3275 1190 3348 christianorum
1218 3285 1255 3348 et

160 3375 326 3449 maxime
346 3375 532 3449 decimam
551 3373 620 3445 sibi
640 3374 820 3469 alleviari,
839 3377 1101 3474 promittentes
1116 3385 1198 3448 tarn
1218 3376 1255 3447 in

160 3476 272 3550 bellis
291 3486 423 3549 contra
440 3497 610 3575 paganos
630 3499 742 3572 quam
769 3475 808 3546 in
827 3476 999 3548 omnibus
1018 3475 1143 3548 causis
1162 3475 1257 3547 chri-

162 3575 364 3650 stianitatis
395 3586 618 3675 perpetuam
647 3575 877 3650 fidelitatem.
936 3576 1105 3664 Quorum
1131 3576 1255 3650 verbis

163 3687 373 3752 annuentes
388 3676 556 3776 episcopi
570 3686 781 3775 suggerunt
794 3677 972 3774 episcopo
984 3676 1149 3775 Rigensi,
1169 3701 1256 3772 qua·

161 3777 265 3851 tinus
292 3778 626 3852 voluntatieorum
646 3775 864 3874 satisfaciat,
892 3789 933 3850 ut
952 3801 1017 3852 eos
1037 3777 1107 3850 sibi
1124 3777 1255 3851 fideles

91 3887 96 3892 '
162 3902 316 3978 semper
330 3878 509 3975 acquirat.
546 3880 593 3951 At
607 3877 670 3950 ille
688 3888 847 3976 paterna
865 3878 1004 3975 pietate
1019 3901 1108 3951 suos
1128 3879 1256 3952 fovere

163 3979 382 4052 desiderans
402 3989 439 4052 et
458 3979 572 4052 etiam
596 3980 714 4053 forcia
732 3979 831 4053 bella
849 3979 1025 4077 gencium
1043 3977 1081 4052 in
1100 3977 1257 4052 circuitu

164 4177 226 4250 ao)
247 4196 271 4234 a.
295 4179 374 4234 12¹8.
