3016 5016
264 413 313 484 to
410 408 622 484 HElNlllCl
650 407 929 485 CHRONICON
954 407 1206 484 LYVONIAE.

265 636 310 686 eo
330 613 429 710 quod
449 611 509 710 via
533 611 598 685 illo
626 609 861 710 autumpnali
888 622 1059 708 tempore
1077 635 1153 686 non
1172 621 1274 687 esset
1292 636 1370 711 per
1474 608 1482 618 ⁶

264 737 378 810 quam
395 710 626 786 beththones
644 711 772 786 venire
789 722 959 811 possent,
977 712 1014 785 in
1030 712 1262 788 orationibus
1281 708 1368 786 suis·

263 811 428 888 existens
459 812 540 887 Deo
574 837 615 889 se
647 812 946 887 commendabat.
975 811 1108 892 -lllane
1138 815 1252 888 facto·
1271 821 1365 888 cum

264 912 479 987 huiusmodi
503 913 617 988 nichil
636 913 809 988 audirent
825 913 886 987 vel
904 915 1144 1014 perciperent
1157 913 1262 1012 'quod
1279 915 1365 990 fan·

264 1013 540 1111 tasmaLyvoni
551 1014 777 1114 predixerat,
794 1015 1022 1114 colliguntur
1032 1039 1164 1090 omnes
1178 1015 1216 1088 in
1229 1041 1363 1112 unum7

263 1114 398 1212 quibus
431 1118 609 1190 sacerdos
640 1115 864 1212 ydolatriam
895 1118 1105 1214 detestans,
1131 1115 1364 1189 huiusmodi

262 1217 491 1290 fantasmata
510 1217 714 1292 demonum
736 1215 953 1289 illusionem
972 1216 1179 1312 affirmans,
1205 1217 1361 1291 tandem·

263 1341 381 1390 unum
391 1317 526 1414 Deum,
547 1326 756 1391 creatorem
772 1315 954 1412 omnium,
969 1342 1084 1392 unam
1098 1317 1225 1415 iidem,
1240 1343 1358 1391 unum

263 1417 448 1516 baptisma
468 1441 553 1492 esse
571 1416 752 1516 predicat,
780 1426 817 1491 et
842 1416 914 1489 hiis
942 1427 979 1490 et
1004 1417 1087 1490 aliis
1106 1417 1292 1492 similibus
1312 1420 1361 1492 ad

263 1518 450 1593 culturam
478 1517 589 1591 unius
619 1516 690 1591 Dei
718 1540 785 1591 eos
811 1517 955 1590 invitat.
999 1518 1080 1592 Hiis
1105 1519 1254 1614 auditis,
1281 1519 1363 1592 dia-

263 1617 350 1694 bolo
380 1628 417 1693 et
447 1618 625 1717 operibus
657 1617 738 1691 eius
770 1617 1077 1693 abrenunciant⁹1
1110 1631 1149 1694 et
1173 1620 1211 1693 in
1235 1619 1360 1695 Deum
1492 1665 1495 1674 ι

204 1781 207 1787 .
263 1720 417 1794 credere
436 1743 478 1794 se
497 1717 735 1818 promittunt,
763 1727 801 1792 et
817 1718 1055 1817 baptizantur
1073 1732 1258 1819 quotquot
1274 1745 1359 1820 pre·

263 1819 438 1894 destinati
456 1829 565 1895 erant
583 1817 716 1892 a'Deo.
761 1818 967 1919 Baptizatis
986 1820 1107 1894 eciam
1125 1820 1362 1896 {laminensi-

262 1923 344 2016 bus,
370 1920 540 2020 procedit
558 1919 886 1994 adAscradenses.
923 1919 1068 2009 Quibus
1091 1921 1359 2022 recipientibus
1439 1961 1440 1964 ¹

260 2023 417 2095 verbum
436 2019 506 2095 Dei
534 2045 619 2120 oum
638 2019 775 2119 gaudio
803 2031 841 2095 et
859 2020 1057 2096 celebratis
1075 2021 1214 2096 ibidem
1233 2046 1361 2097 sacra·

261 2121 399 2196 inentis
416 2121 606 2221 baptismi,
625 2144 801 2194 reversus
820 2132 878 2196 est
890 2121 1126 2220 Thoreidam‚
1146 2133 1183 2198 et
1200 2123 1361 2198 veniens

262 2222 308 2294 ad
328 2232 493 2295 castrum
507 2220 680 2296 Dabrelis
699 2221 861 2321 benigne
879 2233 1054 2321 receptus
1068 2234 1127 2298 est
1145 2225 1191 2297 ab
1211 2225 1277 2299 eis.
1310 2224 1358 2297 Et

256 2322 446 2399 seminato
461 2322 599 2396 ibidem
612 2322 715 2396 verbi
726 2321 795 2396 Dei
814 2323 971 2420 semine,
990 2325 1175 2399 convertit
1189 2335 1226 2398 et
1239 2325 1361 2424 bapti·

261 2423 360 2498 cavit
378 2447 456 2521 eos,
476 2432 514 2498 et
531 2423 662 2499 relicta
677 2423 868 2522 provincia
883 2423 959 2522 illa,
979 2425 1166 2523 processit
1184 2427 1230 2498 ad
1244 2426 1358 2500 Wen-

261 2524 340 2597 dos.
393 2524 525 2599 Wendi
554 2533 682 2599 autem
713 2522 876 2599 humil-es
909 2535 1016 2615 erant
1046 2550 1091 2601 eo
1119 2537 1291 2628 tempore
1318 2535 1358 2601 et
1492 2563 1496 2574 ·

258 2649 460 2725 pauperes,
487 2636 620 2724 utpote
637 2649 659 2698 a
676 2623 848 2698 Winda⁹²
874 2626 1030 2725 repulsi,
1054 2626 1118 2724 qui
1143 2637 1201 2700 est
1218 2621 1359 2702 fluvius

260 2726 436 2825 Comme,
455 2736 493 2799 et
507 2725 720 2799 habitantes
735 2724 771 2796 in
786 2725 914 2800 Monte
928 2727 1105 2826 Aulique,
1123 2727 1226 2802 iuxta
1240 2753 1355 2826 quem

259 2828 354 2926 Riga
372 2827 623 2920 civitas-nunc
641 2834 701 2899 est
717 2825 902 2923 edificata,
930 2836 967 2900 et
984 2825 1070 2902 inde
1087 2828 1224 2902 iterum
1244 2853 1266 2901 a
1284 2828 1358 2902 Cu·

258 2928 414 3002 renibus
439 2926 597 3025 effugati
619 2926 822 3023 pluresque
846 2925 983 3026 occisi,
1014 2926 1149 3026 reliqui
1176 2929 1359 3027 fugerunt

260 3030 307 3102 ad
331 3027 527 3124 Leththos7
555 3037 593 3100 et
617 3026 667 3099 ibi
685 3027 898 3108 habitantes
923 3051 1010 3100 cnm
1034 3028 1101 3123 eis,
1128 3027 1249 3128 gavisi
1267 3040 1356 3116 sunt

259 3130 305 3203 de
332 3129 494 3202 adventu
522 3125 740 3200 sacerdotis.
783 3126 927 3223 Quibus
955 3129 1146 3204 conversis
1172 3140 1210 3205 et
1230 3131 1357 3228 bapti·

245 3228 365 3324 uatis,
395 3228 546 3303 vineam
570 3227 648 3301 iarn
674 3227 883 3326 plantatam
912 3238 950 3302 et
968 3253 1102 3328 agrum
1121 3231 1353 3305 seminatum

176 3359 246 3509 ost

216 3574 218 3578 v
256 3529 306 3604 ibi
334 3542 372 3606 et
397 3530 581 3606 Leththos
616 3539 654 3603 et
679 3529 871 3604 Ydumeos
903 3531 1116 3630 baptizem,
1148 3533 1372 3607 ecclesiam
1503 3517 1507 3528 ¹

147 3691 149 3694 .
256 3655 372 3732 super
384 3629 568 3730 Ropam⁹³
586 3627 785 3728 edificavit
804 3641 842 3706 et
855 3631 1040 3706 manendo
1056 3657 1142 3706 cnm
1161 3632 1216 3708 eis
1235 3634 1351 3706 vitam

258 3329 420 3406 Domino
439 3327 679 3402 committens
698 3328 888 3421 sacerdos,
915 3329 1050 3426 Rigam
1068 3331 1187 3406 rediit.

332 3430 467 3504 Postea
486 3441 614 3504 autem
632 3428 678 3502 ad
696 3428 1058 3527 demeosmissus
1086 3456 1199 3530 quam
1223 3432 1355 3531 plures

255 3742 425 3820 eternam
458 3729 512 3805 eis
543 3729 824 3805 demonstravit.
864 3731 1125 3826 Thoredenses
1149 3758 1352 3846 veropre·

163 3896 166 3901 .
255 3833 386 3930 ceptis·
407 3830 504 3906 sacri
535 3830 771 3929 baptismatis
803 3831 983 3906 misteriis
1014 3857 1100 3906 cum
1133 3833 1236 3908 omni
1269 3859 1353 3908 rure

254 3932 452 4034 spirituali,
475 3942 612 4030 rogant
630 3933 866 4015 sacerdotem
886 3951 997 4006 suum
1016 3934 1283 4032 ntabrantum,
1309 3945 1353 4008 ut

254 4082 397 4156 bll'Haec
416 4097 478 4142 sunt
496 4090 576 4142 rerba
594 4087 728 4142 formulae
745 4097 806 4142 ante
822 4051 983 4159 baptismum
1003 4089 1126 4144 usitatae.
1199 4087 1243 4163 9²)
1263 4066 1353 4146 win-

254 4161 307 4214 dau
325 4159 353 4215 ll.
429 4159 474 4228 93)
492 4161 574 4216 hodie
594 4158 698 4224 Brasle,
718 4177 788 4232 quae
807 4159 848 4214 Aa
868 4161 965 4218 inlluit.
