3084 5018
289 421 501 496 HElNRlCl
529 419 809 495 CHRONICON
834 422 1086 496 LYVONIAE.
1163 425 1234 500 165

133 649 252 698 unum
269 623 391 698 Deum
407 645 492 697 esse
508 623 812 720 christianornm,
826 631 903 695 tam
918 622 1107 696 Danorum
1121 650 1234 722 quam

4 793 5 800 ,
134 723 497 819 Theuthonicorum,
516 732 554 798 et
570 748 686 798 unam
700 722 814 797 fidem
829 748 1020 821 unumque
1034 726 1233 822 baptisma,

4 905 6 912 ,
116 836 175 920 ¹et
195 825 340 899 nullam
364 825 450 898 inde
474 823 672 921 provenire
694 823 919 897 discordiam
942 834 1133 924 putanteS,
1162 824 1235 900 Da·

4 919 8 926 ’
135 950 273 999 norum
300 925 371 999 sibi
389 924 597 998 vicinorum
616 923 846 1022 baptismum
863 923 1122 1000 indifferenter
1140 926 1235 998 acci-

133 1026 300 1125 piebant.
362 1025 546 1122 Rigenses
583 1035 710 1098 autem
748 1023 956 1097 Wironiam
992 1049 1099 1100 suam
1136 1049 1234 1123 esse,

133 1137 329 1224 tamquam
359 1150 381 1198 a
405 1125 484 1197 suis
512 1126 558 1196 ad
583 1123 695 1197 fidem
715 1123 962 1198 christianam
980 1125 1234 1224 subiugatum,
1264 1172 1265 1179 κ

135 1228 361 1324 alleganteS,
388 1225 605 1299 sacerdotes
629 1224 818 1323 predictos
838 1226 884 1298 ad
902 1225 1025 1324 ipsam
1044 1227 1236 1324 baptizan-

136 1328 224 1400 dam
256 1325 558 1399 transmiserunt.
610 1324 685 1399 Sed
713 1324 809 1397 Dani
842 1326 964 1424 ipsam
995 1335 1138 1400 terram
1164 1327 1234 1401 sibi
1245 1344 1296 1428 (2.)

132 1427 297 1500 ‚vicinam
328 1450 586 1525 preoccupare
619 1426 831 1523 cupienteS,
872 1428 1089 1501 sacerdotes
1130 1452 1234 1524 suos,

134 1529 245 1625 quasi
272 1529 309 1600 in
329 1527 490 1600 alienam
509 1549 688 1621 messem,
714 1525 907 1599 miserunt.
951 1526 1023 1613 Qui
1044 1529 1235 1626 baptizan-

134 1639 195 1702 tes
222 1627 330 1702 villas
358 1628 553 1725 quasdam,
581 1636 618 1700 et
644 1627 689 1698 ad
714 1625 809 1699 alias
837 1649 928 1699 suos
956 1627 1160 1728 mittenteS,
1189 1631 1234 1702 ad

135 1753 234 1826 quas
251 1728 323 1827 ipsi
338 1727 467 1802 venire
485 1737 564 1800 tam
583 1726 706 1799 subito
726 1751 802 1799 non
814 1737 1032 1824 potuerunt,
1051 1739 1089 1801 et
1103 1753 1234 1802 cruces

51 1919 52 1926 ἵ
134 1853 298 1927 magnas
323 1829 470 1928 ligneas
496 1827 533 1899 in
560 1826 733 1899 omnibus
751 1826 849 1899 villis
868 1825 950 1900 fieri
969 1827 1233 1927 precipienteS,

135 1941 176 2004 et
193 1953 332 2027 aquam
349 1927 585 2002 benedictam
604 1951 672 2024 per
689 1950 824 1999 manus
843 1927 1071 2000 rusticorum
1085 1927 1236 2003 mitten-

135 2041 213 2127 tes,
255 2040 292 2104 et
324 2028 502 2102 mulieres
535 2053 578 2100 ac
606 2027 784 2124 parvulos
816 2051 1019 2126 aspergere
1050 2027 1234 2118 iubenteS,

137 2131 357 2204 sacerdotes
371 2129 554 2227 Rigenses
572 2127 699 2200 taliter
717 2127 914 2224 prevenire
933 2131 1178 2226 conabantur,
1197 2141 1235 2205 et

136 2232 209 2303 hoc
234 2231 346 2302 modo
370 2239 490 2302 totam
517 2237 659 2301 terram
684 2229 730 2301 ad
750 2251 885 2300 manus
910 2228 1012 2326 regis
1039 2229 1234 2303 Danorum

135 2354 396 2430 preoccupare
424 2329 632 2402 studebant.
689 2327 797 2415 Quod
821 2328 1075 2426 intelligentes
1103 2331 1234 2404 Petrus

137 2441 177 2506 et
194 2430 392 2526 henricus,
420 2428 458 2501 in
482 2427 655 2502 Gerwam
679 2427 862 2523 abierunt,
892 2439 930 2501 et
946 2429 1144 2525 baptizatis
1171 2431 1237 2502 ibi-

138 2533 226 2605 dem
240 2529 421 2628 inprimis
436 2528 534 2603 villis
549 2527 850 2626 quamplurimis
865 2528 1091 2626 hominibus,
1111 2531 1236 2604 audie-

137 2640 228 2704 runt
244 2630 481 2703 Woltberum
500 2629 738 2702 sacerdotem
755 2627 949 2701 Danorum
967 2629 1056 2702 illuc
1073 2630 1235 2704 venisse.

140 2729 395 2805 Occurrerunt
414 2729 448 2804 ei
467 2729 647 2824 dicenteS,
665 2738 806 2801 terram
825 2729 946 2827 ipsam
965 2729 1003 2800 in
1016 2729 1236 2827 Rigensium

140 2855 226 2907 esse
244 2839 444 2929 potestate,
474 2840 512 2902 et
529 2829 677 2902 vineam
697 2827 818 2926 ipsam
837 2854 904 2926 per
921 2828 1101 2903 vexillum
1127 2833 1237 2905 beate

136 2931 301 3030 Virginis
330 2931 453 3004 studio
480 2928 768 3028 peregrinorum
795 2939 833 3002 et
859 2929 1081 3028 Rigensium
1106 2931 1236 3006 labore

138 3032 349 3132 plantatam
385 3031 630 3103 affirmarunt.
684 3028 731 3102 Et
760 3039 847 3128 post
878 3031 954 3103 hoc
988 3033 1169 3106 abeuntes
1198 3032 1236 3105 in

139 3143 307 3206 castrum
326 3131 520 3204 Danorum
539 3155 625 3205 cum
644 3129 726 3228 ipso
745 3132 953 3228 sacerdote,
981 3155 1109 3205 coram
1126 3157 1238 3207 rene·

138 3229 252 3306 rabili
269 3231 554 3331 archiepiscopo
580 3231 729 3304 Andrea
755 3230 944 3305 Lundensi
973 3231 1072 3306 idem
1098 3234 1238 3307 refere-

140 3337 242 3407 bant.
302 3332 376 3406 Sed
408 3331 715 3428 archiepiscopus
746 3329 845 3404 idem
877 3341 997 3404 totam
1028 3330 1237 3430 Estoniam,

140 3434 220 3508 sive
249 3457 269 3505 a
291 3433 517 3533 Rigensibus
537 3439 803 3529 expugnatam,
829 3430 908 3504 sive
931 3432 1097 3503 nondum
1115 3431 1238 3505 adhuc

139 3534 398 3633 subiugatam,
425 3532 527 3631 regis
546 3529 661 3604 Dacie
680 3554 766 3604 esse
784 3529 942 3626 dicebat,
970 3555 991 3603 a
1010 3531 1236 3628 Rigensibus

140 3634 327 3734 episcopis
353 3633 424 3707 sibi
456 3633 650 3727 collatam,
684 3630 886 3728 missisque
917 3630 1064 3703 nunciis
1090 3631 1237 3728 Rigam,

141 3759 189 3810 ne
214 3758 387 3809 racemos
414 3735 668 3832 dependentes
687 3731 912 3830 colligerent
937 3730 1140 3829 mandavit,
1167 3755 1237 3805 nec

140 3836 359 3911 sacerdotes
377 3858 468 3908 suos
486 3839 523 3906 in
544 3832 691 3932 angulis
714 3831 868 3905 Estonie
896 3832 942 3905 ad
966 3830 1237 3930 predicandum

140 3937 344 4011 mitterent.
382 3935 451 4008 Cui
476 3933 672 4032 rescripsit
692 3932 867 4032 Rigensis
886 3932 1100 4031 episcopuS,
1127 3957 1238 4006 vene-

139 4037 271 4110 rabilis
303 4037 497 4130 Albertus,
529 4035 676 4120 vineam
708 4033 828 4131 ipsam
860 4031 1044 4107 Estiensis
1077 4033 1238 4107 ecclesie

138 4137 312 4237 pluribus
339 4137 447 4210 annis
475 4146 562 4210 ante
588 4146 761 4239 tempora
787 4135 982 4208 Danorum
1010 4157 1031 4206 a
1059 4134 1136 4207 suis
1160 4134 1236 4206 iam
