3104 5012
287 499 498 574 HElNlllCl
525 499 803 575 CHRONlCON
828 499 1078 575 LYVONIAE.
1178 507 1224 576 81

128 725 269 775 norum
289 700 515 796 incircuitu,
545 701 704 798 qualiter
730 712 816 775 ante
839 702 1040 776 adventum
1060 701 1228 802 episcopi

130 813 172 876 et
196 798 484 901 peregrinorum
511 801 718 897 Lyvoniam
745 812 783 875 et
809 801 999 875 civitatem
1026 802 1228 901 lligensem

129 904 329 976 destruere
348 901 577 1000 cogitabant,
603 901 675 976 iter
693 925 805 974 suum
823 901 861 973 in
875 903 1142 976 Gothlandiam
1161 903 1229 974 ‹lii-

128 1003 316 1098 ferebant,
342 1002 594 1076 mercationes
622 1025 711 1075 suas
739 1014 776 1076 et
799 1003 959 1100 negocia
976 1003 1228 1101 negligenteS,

130 1114 171 1206 et
199 1127 317 1201 usque
345 1103 390 1176 ad
410 1103 613 1177 adventum
630 1101 919 1201 peregrinorum
948 1127 1034 1177 cum
1053 1103 1228 1176 omnibus

129 1203 291 1282 navibus
310 1203 388 1278 suis
406 1214 681 1277 remanserunt.
719 1202 872 1276 Interim
899 1203 1005 1275 missi
1031 1213 1119 1276 sunt
1136 1229 1228 1276 nun·

130 1303 180 1376 cii
205 1304 243 1375 in
268 1303 464 1376 Estoniam
489 1303 616 1378 videre
641 1303 728 1402 quid
748 1303 946 1401 apaganis
966 1297 1110 1402 agatur.
1156 1302 1229 1390 Qui

128 1404 274 1477 reversi
293 1405 392 1478 bella
410 1404 600 1502 nunciant,
626 1427 760 1501 pacem
780 1426 909 1477 secum
933 1404 1115 1500 referunt,
1143 1427 1229 1475 con-

130 1503 626 1602 siliainfideliu'maperiunt.
655 1504 700 1576 Et
715 1503 914 1577 confestim
925 1503 1088 1578 surrexit
1097 1503 1227 1602 Caupo

131 1615 172 1678 et
188 1604 388 1678 Bertoldus
408 1606 453 1678 de
466 1605 635 1678 Wenden
655 1629 740 1678 cum
760 1605 851 1700 suiS,
870 1628 914 1678 ac
933 1604 1032 1678 servi
1046 1603 1229 1703 episcopi,

5 1707 7 1786 ῗ
126 1717 171 1779 vet
188 1705 292 1778 ibant
309 1704 347 1777 in
366 1704 686 1779 Sackalanensem
702 1705 935 1805 provinciam
953 1705 1173 1778 viciniorem
1192 1715 1230 1778 et

5 1805 7 1892 ᾗ
126 1806 378 1880 incenderunt
395 1805 504 1879 villas
530 1829 661 1880 omnes
687 1807 732 1878 ad
753 1829 846 1902 quas
865 1804 1080 1904 pertingere
1098 1815 1229 1902 potue·
1285 1871 1290 1875 .

5 1909 9 1938 ²
130 1916 233 2002 runt,
260 1916 298 1980 et
325 1905 542 1981 occiderunt
567 1929 699 1980 omnes
717 1905 831 2002 viros,
859 1915 897 1979 et
914 1905 1093 1980 mulieres
1113 1903 1229 2003 capti-

129 2029 199 2079 vas
226 2007 469 2102 reduxerunt,
507 2016 545 2080 et
568 2005 711 2081 reversi
738 2006 887 2079 suntin
912 2005 1128 2102 Lyvoniam.
1182 2004 1229 2076 Et

5 2171 6 2174 ,
131 2106 254 2181 secuti
272 2118 360 2179 sunt
378 2129 443 2180 eos
458 2104 754 2180 Saccalanenses
775 2117 812 2180 et
829 2105 1076 2180 incenderunt
1095 2129 1228 2179 omnes

5 2201 7 2208 '
56 2287 58 2290 ,
129 2207 241 2280 villas
261 2207 360 2280 circa
378 2205 586 2304 Astigerwe
605 2208 725 2281 eciam
745 2217 782 2280 et
800 2206 884 2305 ipsi,
912 2217 948 2280 et
975 2215 1228 2304 pervenerunt

5 2313 7 2320 ’
130 2331 253 2404 usque
272 2308 318 2380 ad
335 2307 526 2402 Ymeram,
554 2318 592 2380 et
611 2307 746 2380 occisis
766 2307 989 2403 quibusdam
1010 2306 1129 2380 Lettis
1148 2331 1229 2378 mu·

130 2409 245 2481 lieres
263 2418 302 2506 et
316 2409 494 2507 parvulos
510 2408 677 2504 captivos
692 2409 889 2504 duxerunt,
909 2417 946 2480 et
960 2406 1081 2505 spolia
1096 2430 1226 2479 secum
1305 2469 1307 2472 ,

129 2508 356 2582 detulerunt.
402 2508 491 2580 Post
518 2531 612 2604 quos
637 2506 808 2580 Lambito
829 2516 866 2580 et
892 2507 1028 2601 Memc,
1056 2505 1225 2580 seniores

129 2611 177 2683 de
205 2609 379 2704 Sackale,
413 2617 625 2706 surgenteS,
662 2632 747 2681 cum
775 2607 848 2678 alio
876 2605 1041 2680 exercitu
1068 2606 1226 2678 transie-

128 2719 218 2782 runt
241 2709 432 2806 Ymeram,
460 2717 498 2781 et
519 2718 773 2804 pervenerunt
797 2708 842 2779 ad
868 2707 1081 2801 ecclesiam,
1098 2717 1147 2780 et
1173 2706 1226 2778 in-

129 2810 336 2884 cenderunt
351 2834 448 2905 carn,
468 2819 506 2882 et
520 2809 657 2904 omnia,
673 2833 745 2906 que
760 2817 868 2882 erant
882 2807 1101 2902 sacerdotis,
1116 2807 1226 2880 deva·

130 2920 287 3003 stantes,
316 2919 353 2984 ct
378 2933 447 3006 per
472 2917 592 2981 totam
616 2908 853 3006 parrochiam
882 2933 1022 3008 pecora
1048 2918 1086 2981 et
1104 2906 1226 3005 spolia

7 3051 9 3060 ·
128 3011 248 3083 multa
269 3005 505 3109 colligentes,
525 3019 562 3082 ct
579 3010 764 3105 homineS,
785 3033 878 3107 quos
892 3018 1111 3106 rapuerunt,
1129 3008 1227 3080 occi·

130 3111 282 3207 dentes,
322 3110 500 3184 mulieres
532 3120 569 3183 et
600 3110 778 3207 parvulos
811 3120 848 3183 et
877 3110 1023 3210 puellas
1055 3108 1225 3207 captivas

129 3211 376 3309 deduxerunt,
407 3222 444 3285 et
467 3212 568 3284 facta
596 3221 653 3285 est
674 3210 864 3284 tribulatio
893 3233 1031 3308 magna
1058 3209 1096 3280 in
1121 3207 1225 3281 omni

8 3329 10 3386 t
128 3311 291 3384 confinio
310 3310 487 3408 Lyvonie.
532 3311 631 3383 Nam
656 3309 952 3384 Saccalanenses
972 3320 1009 3383 et
1027 3310 1225 3407 Ugaunen·

130 3435 191 3486 ses
222 3411 350 3486 Lettos
381 3412 673 3511 impugnabant,
708 3409 944 3483 Rotalienses
972 3419 1010 3483 et
1035 3409 1224 3482 maritime

9 3585 11 3594 ,
128 3511 321 3613 provincie
335 3512 507 3610 Lyvones
523 3509 690 3624 episcopi
708 3509 746 3581 in
759 3510 968 3606 Metsepole
987 3509 1076 3582 etin
1090 3508 1225 3582 Lethe·

9 3683 10 3688 ,
129 3611 260 3713 gore³¹
291 3611 410 3685 tribus
437 3610 661 3686 exercitibus
691 3609 935 3706 impetebant,
970 3609 1022 3681 ita
1053 3617 1095 3680 ut
1127 3631 1224 3681 unus

9 3735 11 3772 2
130 3714 316 3790 exercitus
336 3712 451 3787 alium
471 3721 703 3810 sequeretur,
729 3719 768 3783 et
792 3709 854 3783 alii
877 3710 1078 3784 redeuntes
1098 3720 1137 3782 et
1160 3707 1224 3781 alii

9 3795 11 3832 ³
129 3815 322 3890 venientes
361 3812 532 3910 requiem
563 3835 637 3883 non
668 3810 802 3884 darent
830 3809 1043 3907 Lyvonibus
1082 3809 1141 3882 die
1178 3832 1223 3881 ac

128 3925 252 4010 nocte,
279 3915 345 3988 sed
373 3921 642 4012 persequentes
670 3934 735 3984 eos
762 3921 841 3983 tam
866 3912 903 3982 in
923 3909 1087 3982 latibulis
1112 3909 1222 3982 silva·

130 4041 212 4088 rum
233 4038 344 4113 quam
364 4014 401 4087 in
420 4011 589 4110 stangnis
609 4010 701 4085 etin
721 4011 821 4110 agris
850 4011 1061 4085 occiderent
1080 4034 1157 4102 eos
1185 4019 1224 4084 et

131 4215 172 4285 31)
192 4216 276 4269 hodie
296 4214 434 4284 Loddiqer,
456 4212 544 4266 lectica
563 4210 717 4280 Lchdurge.
