3016 5016
314 439 529 514 HElNlllCl
556 437 831 517 CHRONlCON
860 437 1110 515 LYVONIAE.
1210 444 1257 518 39

153 641 375 742 pugnabat,
415 642 533 716 multa
565 641 665 716 mala
696 639 918 738 intulerant,
958 643 1054 714 bona
1087 642 1256 717 eiusdem

155 741 288 824 omnia
314 741 487 827 incendio
505 751 758 840 vastaverant,
785 767 899 840 agros
927 742 1172 838 abstulerant,
1200 767 1258 816 ar·
1324 767 1326 774 ·

158 843 272 918 bores
302 869 418 942 apum
447 843 734 943 confregerant,
773 842 928 942 insuper
964 843 1126 942 plurima
1158 843 1258 918 bella

154 954 292 1020 contra
303 942 487 1044 Rigenses
506 955 715 1018 moverant.
750 943 856 1018 Unde
874 969 946 1042 pax
962 943 1016 1018 eis
1030 944 1257 1043 denegatur,
1363 975 1370 988 ’

155 1053 199 1120 et
216 1044 363 1141 merito,
383 1044 445 1144 qui
464 1043 531 1118 filii
550 1045 654 1144 pacis
674 1068 759 1136 esse
778 1044 991 1119 nescientes
1005 1068 1138 1144 pacem
1154 1044 1257 1118 omni

130 1181 133 1186 ·
157 1156 333 1244 tempore
349 1145 619 1220 disturbabant.
655 1148 703 1220 At
717 1144 771 1218 illi
785 1144 908 1246 magis
923 1144 1106 1220 instantes
1121 1156 1258 1244 rogant

158 1245 355 1346 baptizari,
383 1246 600 1322 sacerdotes
618 1245 788 1346 recipere
807 1257 844 1321 et
863 1247 917 1320 eis
935 1271 1005 1344 per
1024 1247 1150 1320 omnia
1169 1248 1257 1321 obe·

16 1358 20 1371 '
156 1346 241 1421 dire
266 1347 502 1446 promittunt.
546 1347 863 1422 benewardenses
890 1347 1007 1421 wetiam
1032 1371 1101 1446 pro
1126 1371 1257 1422 recon-

157 1445 358 1523 ciliacione
389 1449 528 1521 domno
557 1447 723 1543 Danieli,
764 1449 825 1546 qni
855 1446 955 1522 idem
987 1458 1153 1521 castrum
1180 1447 1256 1521 iam

158 1548 300 1624 dudum
329 1549 367 1622 in
401 1547 584 1622 beneficio
614 1558 831 1648 acceperat,
867 1548 1037 1647 ¹quolibet
1071 1572 1172 1622 anno
1209 1549 1255 1622 de

157 1659 286 1725 aratro
306 1647 500 1723 dimidium
518 1649 702 1725 talentum
721 1648 882 1749 siliginis
899 1649 1136 1748 promittunt,
1156 1650 1255 1747 quod

131 1795 137 1807 ·
159 1750 344 1825 hactenus
364 1748 541 1849 usquein
559 1750 782 1836 hodiernum
801 1749 901 1824 diem
911 1749 1191 1848 persolverunt.

236 1850 454 1950 Propositus
472 1851 600 1949 itaque
620 1851 806 1950 lligensis,
833 1850 934 1924 iuxta
958 1852 1115 1925 verbum
1134 1849 1335 1936 archi-(ll.)

158 1949 343 2051 episcopi,
362 1951 527 2050 acceptis
547 1952 739 2026 obsidibus
753 1950 950 2025 meliorum
969 1951 1096 2050 pueris
1110 1953 1156 2026 de
1174 1961 1255 2026 tota

159 2049 339 2148 Lyvonia,
367 2052 584 2128 sacerdotes
608 2054 721 2126 mittit
739 2053 784 2125 ad
804 2052 1110 2152 predicationem.
1155 2052 1255 2140 Quo·

158 2177 245 2226 rum
264 2151 408 2252 primus
427 2151 661 2228 Alebrandus
679 2153 716 2227 in
744 2153 970 2228 Thoreidam
998 2153 1255 2252 proficiscens,

158 2256 318 2328 verbum
332 2252 599 2353 predicationis
615 2265 652 2330 et
666 2253 841 2368 baptismi
854 2265 1134 2328 sacramentnm
1151 2253 1256 2327 mini-

158 2365 276 2448 strat,
317 2365 354 2428 et
385 2356 603 2454 parrochias
639 2355 894 2452 distmgueris,
935 2354 972 2427 in
1008 2351 1255 2429 cubuesele⁸⁹

158 2453 363 2532 ecclesiam
378 2453 537 2530 edificat.
568 2455 780 2530 Alexander
795 2454 972 2529 sacerdos
991 2453 1028 2527 in
1047 2454 1257 2554 llletsepole

158 2555 346 2654 dirigitur,
373 2556 449 2653 qui,
475 2556 664 2656 baptizata
683 2555 875 2656 provincia
892 2555 957 2628 illa
976 2566 1069 2652 tota,
1095 2580 1181 2629 cnm
1202 2555 1256 2630 eis

160 2656 299 2732 ibidem
332 2656 504 2732 habitare
539 2668 576 2732 et
608 2681 739 2732 semen
771 2655 965 2755 euangelii
1001 2655 1188 2732 seminare
1219 2667 1258 2731 et

160 2756 364 2833 ecclesiam
382 2757 513 2858 incipit
530 2757 717 2832 edificare.
753 2756 888 2834 Daniel
907 2756 1096 2854 sacerdos,
1129 2757 1192 2856 qui
1219 2758 1257 2830 in

159 2857 276 2945 castri
302 2858 521 2934 Holmensis
545 2858 739 2934 obsidione
766 2858 1043 2956 quodammodo
1069 2858 1258 2934 examina·
1368 2873 1370 2880 ’

161 2971 223 3034 tus
254 2959 396 3056 luerat,
434 2959 793 3052 benewardensibus
829 2959 999 3033 mittitur.
1050 2960 1174 3048 Quem
1203 2960 1257 3033 illi

161 3059 325 3159 benigne
342 3060 602 3174 suscipientes,
622 3061 860 3161 baptizantur
873 3062 918 3133 ab
938 3084 995 3135 eo.
1032 3060 1202 3159 Cumque
1220 3061 1258 3135 in

162 3161 306 3257 villam,
330 3184 403 3259 que
421 3161 557 3235 dicitur
574 3158 849 3261 Sydegunde⁹⁰,
874 3161 1110 3260 procederet,
1129 3162 1257 3237 statim

161 3261 347 3361 populum
372 3263 418 3334 ad
445 3261 669 3337 audiendum
689 3263 845 3337 verbum
868 3262 938 3338 Dei
963 3272 1154 3338 convocat.
1190 3263 1259 3338 Ve-

163 3361 271 3438 niens
290 3373 417 3438 autem
430 3362 533 3461 Lyro
547 3362 698 3461 quidam
713 3364 759 3438 de
773 3362 938 3437 latibulis
952 3363 1134 3436 silvarum
1149 3374 1259 3452 nocte

162 3463 425 3561 visionemque
452 3487 561 3538 suam
587 3465 769 3559 referens,
796 3463 885 3537 dicit
903 3464 958 3538 ei:
1007 3463 1096 3558 Vidi,
1127 3465 1258 3564 inquit,
1394 3527 1396 3534 .

163 3562 270 3637 deum
284 3564 483 3661 Lynouum,
501 3566 564 3662 qui
580 3564 685 3638 nobis
702 3567 831 3651 futuru
845 3563 1017 3660 prodicit.
1053 3563 1150 3637 Erat
1166 3568 1258 3638 enim

162 3687 297 3760 ymago
322 3688 530 3740 canescens
555 3689 599 3738 ea
621 3662 754 3738 arbore
778 3688 802 3736 a
825 3671 971 3758 pertore
989 3671 1198 3760 cinereum,
1226 3673 1259 3739 et

164 3764 260 3839 dicit
282 3764 390 3840 michi
407 3764 641 3840 betbtbonum
668 3767 862 3838 oneratum
886 3771 1197 3860 adsecuturum,
1226 3773 1262 3839 ct

164 3867 293 3940 timore
309 3865 408 3940 illius
422 3869 600 3942 exercitus
614 3867 802 3940 conuenire
815 3887 889 3938 non
903 3863 1092 3939 audemus.
1128 3864 1260 3942 Sacer-

165 3966 234 4040 dos
253 3976 381 4041 autem
399 3966 615 4067 intelligens
632 3965 803 4041 demonis
816 3965 914 4064 hanc
928 3989 1013 4040 esse
1032 3965 1260 4064 illusionem,

165 4118 210 4191 89)
231 4119 314 4176 bodie
328 4119 442 4176 ecclesia
455 4119 577 4176 llremoa
591 4120 663 4176 baud
677 4121 774 4193 procul
792 4138 807 4176 a
828 4121 939 4192 praedio
952 4119 1058 4193 llipsal.
1134 4121 1178 4191 90)
1198 4121 1259 4177 ior-

40 4228 50 4246 .-
166 4202 237 4248 tasse
256 4191 380 4264 Sig'gund
397 4194 481 4260 vicus
551 4249 553 4256 ,
