3104 5012
318 476 387 550 126
459 473 672 548 HElNlllCl
699 472 977 549 CHRONICON
1002 472 1256 548 LYvonl'nu.

256 680 305 764 (t)
390 676 499 747 Anno
531 674 717 749 dominice
749 673 1018 748 incarnationis
1043 675 1151 748 1215.
1178 673 1413 748 celebratum

209 765 307 892 illido
317 784 376 848 est
400 773 635 846 concilium
625 799 663 847 m
690 775 852 850 ecclesia
878 775 1060 868 Romana,
1079 773 1292 887 presidente
1312 797 1412 871 papa

301 872 554 968 innocencio,
578 873 815 972 presentibus
840 874 1065 973 patriarchis
1097 885 1135 948 et
1159 872 1413 946 cardinalibus

318 984 356 1046 et
381 974 570 1073 episcopis
598 975 893 1074 quadringentis,
918 975 1114 1048 abbatibus
1134 972 1413 1072 octingentis⁰⁷.

318 1074 419 1148 lnter
438 1099 531 1172 quos
551 1087 633 1148 erat
652 1075 853 1174 episcopus
873 1074 1104 1170 Lyvonensis
1129 1075 1301 1148 Albertus
1324 1097 1412 1146 oum

318 1175 480 1249 Estiensi
514 1175 703 1274 episcopo.
757 1175 829 1262 Qui
860 1177 1049 1249 referebat
1078 1174 1342 1248 tribulationes
1373 1183 1413 1246 et

318 1276 418 1349 bella
436 1286 474 1349 et
491 1275 649 1374 negocia
674 1275 906 1370 liyvonensis
932 1275 1092 1350 ecclesie
1116 1299 1266 1348 summo
1292 1274 1416 1372 ponti·

318 1375 393 1471 lici,
421 1375 533 1448 simul
561 1385 599 1449 et
616 1375 789 1449 omnibus
809 1375 1006 1474 episcopis.
1055 1374 1103 1447 Et
1126 1376 1417 1474 congaudebant

320 1500 453 1548 omnes
472 1477 519 1548 de
538 1476 782 1550 conversione
800 1476 988 1574 gencium,
1007 1476 1119 1549 simul
1139 1476 1235 1550 etde
1248 1475 1357 1549 bellis
1376 1486 1417 1548 et

319 1575 520 1674 triumphis
544 1576 811 1674 multiplicibus
837 1576 1140 1650 christianorum.
1185 1575 1233 1648 Et
1259 1576 1311 1649 ait
1337 1574 1415 1673 epi-

320 1699 476 1774 scopus:
511 1674 623 1770 Sicut,
650 1677 783 1774 inquit⁷
802 1684 911 1770 pater
927 1685 1065 1771 sancte,
1092 1684 1229 1752 terrum
1245 1682 1416 1749 sunctum

320 1776 670 1870 lerosolimituuum‚
702 1801 770 1874 quc
796 1784 851 1850 est
882 1783 980 1850 terra
1006 1777 1088 1872 filii,
1123 1779 1328 1849 sanctitatis
1354 1783 1416 1847 tue

320 1875 443 1949 studio
461 1879 585 1964 [nuuc
601 1901 675 1949 non
693 1875 839 1972 desinis,
856 1881 910 1951 sic
927 1877 1137 1971 Lyuouiam,
1155 1900 1223 1972 quc
1241 1884 1296 1949 cst
1313 1883 1414 1948 terro
1523 1939 1526 1946 .

320 1979 463 2067 matrix,
490 1977 782 2050 consolationum
800 1985 949 2050 tuarum
973 1976 1278 2049 sollicitudinibus
1294 1976 1417 2048 bacte-

321 2100 390 2150 nus
408 2079 446 2148 in
461 2077 627 2171 pentibus
644 2076 856 2172 dilatatam,
882 2081 999 2151 eciam
1016 2077 1087 2149 buc
1103 2082 1178 2150 uice
1195 2076 1414 2170 desolutum,

243 2227 247 2243 ι
323 2175 566 2273 derelinquere
595 2201 668 2249 uon
698 2175 813 2250 debes.
867 2177 994 2273 Diliyit
1024 2180 1117 2250 enim
1141 2177 1237 2267 filius
1261 2184 1416 2249 matrem

324 2301 444 2371 suurn,
471 2279 543 2373 qui,
570 2279 663 2350 sicut
679 2301 752 2350 non
769 2277 847 2356 uult
862 2285 999 2350 terrum
1017 2301 1125 2350 suom
1139 2276 1256 2372 perdi,
1280 2280 1335 2350 sic
1352 2301 1419 2349 uec

205 2411 208 2418 ’
324 2377 402 2450 vult
422 2385 558 2450 terrum
582 2380 712 2450 matris
736 2381 857 2473 utique
877 2377 1091 2471 periclitari.
1134 2377 1202 2450 Cui
1221 2376 1416 2476 respondit
1542 2425 1544 2473 p

325 2502 495 2550 summus
521 2477 689 2576 pontifex
719 2489 757 2552 et
788 2479 855 2550 ait:
900 2477 1005 2550 Sicut
1026 2486 1162 2551 terrum
1186 2478 1270 2572 filii,
1304 2479 1358 2551 sic
1382 2483 1419 2548 et
1541 2527 1543 2556 ἶ

324 2585 460 2651 terrum
497 2582 627 2652 matris
658 2586 812 2672 paterne
843 2577 1101 2651 sollicitudinis
1131 2585 1253 2650 nostre
1282 2576 1417 2649 studiis

325 2703 463 2793 semper
484 2702 700 2771 promovere
718 2679 938 2752 curabimus.
984 2678 1031 2749 Et
1057 2677 1162 2750 linito
1183 2677 1341 2751 concilio
1360 2702 1418 2750 re-

325 2779 427 2852 misit
459 2803 525 2851 eos
557 2803 642 2851 cum
675 2779 833 2891 gaudioff
868 2790 1048 2852 renovata
1080 2778 1304 2852 auctoritate
1333 2802 1417 2874 pre·

325 2879 472 2951 dicandi
496 2889 534 2951 et
563 2878 783 2991 peregrinos
812 2878 849 2950 in
879 2879 1143 2953 remissionem
1173 2889 1418 2976 peccatorum

325 2978 511 3075 signandi,
539 3003 600 3074 qm
592 2978 824 3074 Lyvoniam
844 3003 973 3054 secum
991 2977 1272 3077 proficiscentes
1293 2977 1418 3050 novel·

326 3079 401 3150 lam
434 3077 635 3150 ecclesiam
667 3103 689 3150 a
715 3102 949 3176 paganorum
983 3090 1177 3153 uterentur
1207 3079 1419 3152 insultibus

326 3178 446 3274 Roma
465 3177 605 3250 dictat
596 3202 690 3276 rura,
717 3179 812 3276 Riga
828 3204 917 3253 vero
937 3179 1036 3278 rigat
1054 3191 1196 3278 gentes.
1240 3179 1335 3252 Nam
1354 3177 1421 3251 Pe

325 3289 407 3350 trus
438 3275 666 3352 Kakuwalde
697 3289 734 3352 et
764 3281 852 3351 Otto
884 3281 1081 3374 sacerdoS‚
1121 3305 1143 3352 a
1174 3279 1268 3377 Riga
1300 3278 1420 3374 missi⁷

326 3377 524 3452 Saccalam
543 3389 580 3452 et
597 3377 837 3476 llgauniam
828 3379 977 3454 interim
997 3405 1106 3453 sacro
1125 3381 1228 3452 fonte
1251 3379 1420 3478 rigantes

266 3479 374 3569 (ulad
405 3479 521 3552 vitam
552 3478 711 3552 invitant
740 3489 920 3552 eternam.
1054 3480 1127 3552 Rot
1129 3480 1292 3553 elienses
1328 3502 1419 3552 vero

328 3579 450 3652 adhuc
485 3578 665 3674 rebelle'S,
705 3579 994 3652 christianorum
1029 3580 1136 3678 leges
1172 3580 1293 3653 adhuc
1328 3578 1420 3652 reci·

327 3705 417 3777 pere
445 3680 714 3754 contradicunt.
764 3679 902 3753 Contra
929 3703 1023 3776 quos
1048 3680 1232 3778 expeditio
1258 3680 1422 3754 destina·

325 3790 398 3853 tur.
430 3781 542 3854 Festo
557 3781 682 3877 itaque
697 3781 901 3853 nativitatis
917 3780 1102 3854 dominice
1117 3791 1283 3878 peracto²
1301 3779 1423 3876 Lyvo·

327 3879 1081 3978 nibusetLettisindicitur,utsintparati,
1093 3893 1130 3953 ut
1142 3890 1424 3978 congregentur

327 3980 414 4053 ituri
442 3990 571 4054 contra
597 3980 792 4053 christiani
809 3981 971 4054 nominis
992 3981 1173 4055 inimicos.
1221 3981 1365 4068 Quibus
1385 3990 1424 4053 et

329 4178 373 4252 67)
392 4179 426 4234 V.
445 4177 616 4233 Hildebraud
636 4180 652 4234 l.
668 4198 688 4234 c.
709 4199 735 4252 p.
751 4181 796 4236 24.
