3104 5012
296 468 346 540 uo
442 459 657 537 nuruum
685 459 964 536 ennomcon
990 434 1266 534 urvonnuj

298 665 399 739 viam
430 662 702 738 mercatoribus
735 661 773 734 in
804 662 913 736 Duna
943 674 1190 761 prepararent
1220 686 1394 737 securam

300 775 338 839 et
371 789 504 863 pacem
536 771 762 837 renovantes
800 763 948 838 facilius
978 761 1184 837 Letonibus
1215 763 1394 838 resistere

298 874 448 964 queant.
484 863 694 962 Episcopus
712 888 815 961 vero
841 863 1046 962 assumptis
1060 887 1192 938 secum
1204 864 1293 937 viris
1313 864 1393 938 suis

299 976 337 1041 et
356 989 446 1064 rege
463 963 705 1038 Woldemaro
724 964 1006 1038 cumfratribus
1025 963 1165 1039 milicie
1183 975 1221 1038 et
1239 964 1394 1038 seniori-

298 1069 368 1139 bus
382 1066 576 1166 Lyvonum
596 1074 635 1138 et
651 1063 860 1160 Lettorum,
888 1063 1084 1139 ascendit
1074 1090 1112 1137 m
1130 1065 1280 1139 obviam
1299 1055 1393 1179 regi,

300 1177 337 1241 et
356 1166 459 1241 ibant
485 1189 572 1238 cum
598 1187 643 1238 eo
671 1174 902 1239 mercatores
928 1165 966 1238 in
989 1164 1144 1238 navibus
1170 1165 1260 1261 suis,
1285 1175 1323 1239 et
1341 1167 1394 1238 in·

298 1268 459 1341 duerunt
484 1289 526 1340 se
554 1287 685 1338 omnes
711 1265 825 1339 armis
854 1264 932 1337 suis
962 1276 1207 1364 precaventes
1238 1265 1393 1339 insidias

297 1368 483 1442 Letonum
516 1389 561 1439 ex
593 1363 695 1437 omni
727 1376 834 1464 parte
865 1365 985 1439 Dune.
1038 1365 1104 1439 Et
1115 1366 1310 1440 venientes
1346 1368 1391 1438 ad

298 1492 430 1566 regem
458 1474 638 1563 ceperunt
664 1489 728 1563 ea,
756 1490 828 1564 que
852 1465 1000 1539 iusticia
1024 1465 1205 1564 dictabat,
1234 1491 1318 1539 cum
1346 1491 1391 1540 eo

297 1578 515 1641 retractare.
557 1565 636 1639 Rex
661 1590 751 1640 vero
770 1566 882 1639 modo
902 1565 1110 1662 blandiciis
1138 1567 1248 1639 modo
1274 1565 1395 1640 mina·

298 1692 383 1740 rum
410 1665 674 1763 asperitatibus
704 1665 924 1765 episcopum
949 1667 1188 1780 conveniens,
1217 1676 1256 1738 ut
1282 1666 1393 1762 aLy·

296 1793 437 1842 vonum
456 1769 545 1866 bapt
547 1765 682 1841 ismate
700 1777 868 1841 cessaret
881 1767 1041 1865 rogavit,
1061 1766 1279 1840 affirmans
1269 1793 1307 1839 m
1321 1791 1392 1840 sua

297 1891 383 1943 esse
402 1876 590 1981 potestate
609 1890 740 1942 servos
759 1891 849 1940 suos
863 1867 1035 1963 Lyvones
1049 1868 1109 1941 vel
1128 1867 1318 1966 baptizare
1330 1868 1392 1941 vel

297 1993 370 2042 non
402 1969 491 2067 bapt
493 1967 611 2040 izatos
643 1969 868 2064 relinquere.
928 1968 996 2040 Est
1026 1967 1126 2041 enim
1158 1967 1391 2041 consuetudo

298 2093 432 2168 regum
464 2069 739 2182 Ruthenorum‚
777 2077 816 2141 ut
847 2092 1111 2164 quamcunque
1146 2079 1299 2164 gentem
1331 2094 1392 2141 ex-

297 2167 556 2268 pugnaverint
587 2194 660 2242 non
692 2168 780 2242 fidei
811 2167 1014 2241 christiane
1045 2168 1217 2242 subicere
1249 2169 1315 2242 sed
1344 2170 1390 2241 ad

297 2268 518 2342 solvendum
533 2269 603 2342 sibi
616 2271 796 2343 tributum
812 2279 849 2343 et
863 2268 1059 2367 pecuniam
1071 2269 1283 2368 subiugare.
1316 2268 1390 2356 Sed

298 2370 498 2483 episcopus
529 2371 652 2485 magis
682 2368 763 2444 Deo
796 2369 1044 2443 obediendum
1075 2369 1252 2444 iudicavit
1277 2394 1389 2466 quam

296 2469 523 2566 hominibus⁷
551 2473 672 2569 magis
692 2495 773 2568 regi
764 2469 922 2544 celesti
941 2494 1054 2566 quam
1071 2480 1236 2584 terre-no7
1259 2493 1392 2543 secun-

201 2571 287 2686 gfff}
298 2571 387 2644 dum
414 2571 546 2667 quod
536 2596 618 2668 1pse
643 2572 679 2644 in
707 2571 912 2668 ewangelio
938 2594 1007 2643 suo
1034 2570 1215 2688 precipit
1242 2569 1390 2644 dicens:

296 2673 332 2744 lt
332 2673 375 2744 e!
401 2670 523 2744 docete
491 2678 671 2744 tumnes
694 2678 829 2766 pentes,
858 2671 1082 2764 baptizantes
1105 2694 1168 2744 eas
1192 2673 1391 2743 innomine

296 2771 419 2844 Patris
437 2771 565 2844 etFilii
583 2780 619 2844 et
630 2771 790 2866 Sparetus
808 2773 937 2844 sancti.
974 2771 1022 2842 Et
1039 2771 1122 2845 ideo
1141 2794 1183 2845 se
1202 2795 1324 2867 neque
1343 2772 1390 2844 ab

295 2872 446 2970 incepto
478 2871 679 2967 desistere‚
717 2895 839 2968 neque
870 2870 1135 2968 predicationis
1169 2871 1335 2944 officium
1368 2896 1391 2944 a

297 2996 446 3045 summo
470 2972 648 3068 pontifice
675 2972 745 3044 sibi
770 2971 978 3044 iniunctum
999 2971 1192 3084 negligere
1217 2982 1391 3044 constan-

295 3083 354 3145 ter
372 3071 586 3145 affirmavit
623 3071 696 3146 Sed
716 3097 839 3170 neque
865 3097 946 3170 rcgr
938 3071 1102 3145 tributa
1120 3096 1187 3144 sua
1208 3072 1287 3144 dari
1304 3096 1390 3170 pro·

200 3163 287 3274 2¹2¹”2‘l
295 3172 459 3267 bibebat
486 3174 692 3246 secundum
711 3174 810 3269 quod
833 3171 1045 3245 Dominus
1035 3199 1072 3244 m
1092 3172 1298 3289 ewangelio
1318 3196 1388 3244 suo

295 3273 432 3356 iterum
452 3273 522 3344 ait:
564 3272 716 3346 Reddite
683 3281 809 3386 teque
831 3279 919 3345 sunt
939 3276 1077 3346 cesaris
1103 3275 1233 3368 cesari,
1261 3280 1390 3369 etque

294 3378 382 3446 sunt
396 3371 464 3445 Dei
476 3372 565 3469 Deo,
583 3375 669 3470 quia
688 3385 725 3448 et
742 3375 824 3472 ipse
843 3372 1049 3487 episcopus
1056 3397 1164 3447 versa
1178 3374 1260 3447 vice
1274 3398 1390 3470 quan·

296 3474 418 3569 doque
446 3475 607 3548 eundem
641 3499 796 3548 censum
824 3474 944 3548 eciam
969 3473 1051 3572 regi
1077 3498 1145 3571 pro
1173 3473 1387 3569 Lyvonibus

293 3575 536 3672 persolverat.
581 3575 753 3670 Lyvones
781 3584 921 3670 autem,
951 3575 1124 3648 nolentes
1151 3575 1296 3648 duobus
1325 3575 1388 3646 do-

294 3674 407 3788 minis
426 3674 580 3771 servire,
599 3686 677 3748 tam
691 3673 872 3748 Ruthenis
885 3673 1059 3748 videlicet
1072 3699 1185 3771 qnam
1198 3675 1388 3788 Thoutho·

294 3773 402 3873 uicis,
420 3777 677 3874 suggerebant
694 3773 873 3874 episcopo
893 3773 1048 3847 inomni
1065 3785 1249 3874 tempore,
1269 3775 1388 3872 quati

293 3899 364 3948 nus
390 3899 456 3949 eos
481 3901 502 3948 a
528 3876 617 3989 iugo
637 3875 896 3948 Ruthenorum
916 3875 1067 3948 omnino
1086 3875 1274 3949 liberaret.
1310 3874 1385 3949 Sed

292 3999 358 4048 rex
376 3978 577 4049 verborum
596 3975 705 4048 iustis
723 3975 928 4048 rationibus
947 3999 1022 4048 non
1042 3975 1288 4073 acquiescens
1306 3987 1387 4049 tan-

293 4075 378 4149 dem
397 4075 613 4174 indignatus
642 4086 711 4173 est,
738 4086 776 4149 et
800 4075 925 4149 omnia
946 4087 1069 4150 castra
1087 4077 1253 4172 Lyvonie
1272 4077 1385 4150 simul

292 4185 331 4250 et
358 4176 480 4274 ipsam
507 4174 641 4274 Rigam
672 4199 714 4250 se
745 4174 909 4248 flammis
940 4177 1089 4261 tradere
1120 4177 1385 4274 comminatus,
