3016 5016
264 443 478 550 narnnrcr
506 433 786 553 cunomoorv
813 425 1066 556 urvoivnn.
1163 485 1211 558 aa
1338 573 1340 578 ¹

109 703 227 778 super
246 702 288 754 se
308 678 509 752 crudeliter
521 679 698 754 volantes
723 665 924 780 excipiunt
950 683 1103 757 tandem
1120 683 1210 756 litus
1248 709 1252 714 ·
1274 681 1275 684 ’

1 783 13 857 ¹.
109 779 401 896 apprehendunt
413 768 853 880 fortissimepugnantes
887 783 1113 858 Vulneratur
1125 807 1211 883 pas

9 935 45 970 .·.
110 883 183 955 sim
211 879 311 954 host
285 890 379 952 trum
406 881 557 953 nuditas
584 905 607 954 a
632 881 770 981 sagitta
800 883 971 981 volante,
1004 882 1212 983 confligunt

4 1080 7 1081 ᾗ
109 981 225 1079 acies,
245 981 452 1054 vincuntur
457 981 601 1080 hostes
620 992 658 1056 et
675 993 783 1082 terga
802 983 934 1059 dantes
953 984 1016 1057 alii
1036 985 1210 1058 occidun-

10 1123 49 1150 2
108 1095 190 1179 tur,
231 1081 294 1154 alii
324 1093 564 1156 transnatare
591 1083 763 1157 volentes
794 1086 1106 1184 submerguntur
1145 1085 1211 1158 alii
1298 1139 1300 1145 ι

111 1193 236 1257 castro
255 1181 498 1280 recipiuntur,
527 1182 589 1254 alii
614 1185 883 1258 transnatando
902 1188 1104 1266 evadentes
1117 1209 1210 1259 acu

0 1290 1 1293 ’
108 1284 193 1359 leos
210 1307 396 1357 vermium
414 1307 490 1356 non
515 1283 727 1398 elugerunt.
765 1284 855 1358 Erat
880 1297 1007 1360 autem
1025 1285 1209 1360 intereos

5 1445 10 1450 .
106 1383 193 1458 Ako
211 1383 389 1483 princeps
408 1408 453 1456 ac
471 1384 755 1498 seniorectum,
774 1385 839 1483 qui
854 1387 974 1459 tocius
989 1385 1208 1463 tradicionis

1 1569 2 1577 ἵ
111 1495 150 1560 et
169 1485 339 1557 omnium
358 1484 546 1557 malorum
562 1485 758 1562 exstiterat
772 1497 916 1583 auctor,
936 1486 998 1585 qui
1011 1511 1144 1586 regem
1163 1487 1209 1562 de

1 1620 3 1675 g
108 1573 272 1660 Ploceke
292 1584 547 1660 concitaverat
566 1586 612 1658 ad
630 1586 847 1662 bellandum
866 1598 999 1661 contra
1011 1587 1208 1688 Rigenses

111 1713 175 1785 qur
166 1686 400 1760 Letthones
419 1685 638 1785 collegerat,
667 1712 730 1784 qur
721 1686 1013 1763 Thoredenses
1034 1697 1209 1762 ettotam

1 1794 3 1872 ζ
109 1785 318 1884 Lyvoniam
338 1797 612 1860 convocaverat
637 1799 767 1861 contra
791 1813 931 1863 nomen
950 1788 1208 1862 christianum

1 1915 2 1983 }
110 1886 214 1962 Inter
241 1887 336 1960 alios
355 1887 427 1961 iste
447 1891 596 1985 quoque
615 1888 810 1986 occiditur⁷
838 1889 954 1962 occisi
983 1899 1113 1988 caput
1122 1913 1209 1970 cum

1 1985 3 2027 l
109 1991 213 2062 fama
239 1987 396 2061 victorie
424 1987 605 2100 episcopo
631 1988 801 2061 mittitur.
855 1989 946 2062 Erat
972 2001 1100 2103 autem
1132 1989 1210 2089 epi·

1 2133 3 2182 ι
110 2112 251 2202 seopus
281 2113 366 2160 cum
390 2087 536 2162 clericis
561 2088 659 2184 suiS,
697 2089 885 2163 celebrata
911 2089 1047 2188 missa,
1073 2089 1111 2162 in
1139 2089 1210 2165 Dei

108 2189 248 2264 timore
276 2198 313 2262 et
338 2188 569 2263 orationibus
588 2201 812 2288 exspectans
841 2191 872 2262 si
898 2191 995 2265 forte
1020 2188 1208 2290 quispiam

110 2301 312 2404 appareret
336 2286 505 2364 referens
535 2289 571 2364 ei
603 2290 691 2387 quid
712 2301 908 2402 ageretur.
963 2285 1054 2364 Erat
1039 2301 1208 2365 tantem
1244 2337 1247 2344 »

0 2401 3 2404 “
111 2415 178 2464 cor
207 2391 290 2464 eius
325 2391 502 2464 fiduciam
533 2390 719 2464 habens
709 2416 747 2463 m
779 2391 953 2464 Domino
1006 2391 1054 2465 Et
1084 2391 1206 2464 subito

1 2537 2 2582 p
110 2491 286 2605 apparuit
303 2491 477 2564 navicula
497 2490 556 2564 de
561 2490 716 2589 longe,
705 2515 743 2562 m
763 2516 837 2589 qua
851 2491 1002 2589 quidam
1021 2493 1068 2566 de
1086 2492 1209 2564 fratri·

1 2585 2 2650 l
110 2595 180 2665 bus
199 2591 345 2666 milicie
351 2591 601 2666 redienscum
616 2591 822 2664 vulneratis
838 2590 1075 2689 quibusdam⁷
1095 2596 1208 2691 caput
1269 2607 1270 2610 ’

107 2693 266 2767 Akonis
282 2716 348 2790 pro
377 2692 589 2791 signot
512 2691 670 2766 victorie
696 2691 875 2805 episeopo
902 2701 1106 2805 presentat
1159 2693 1210 2766 At

107 2793 174 2867 ille
201 2795 370 2892 gaudens
398 2818 483 2865 cum
502 2791 699 2891 universis⁷
726 2791 788 2890 qui
813 2791 914 2865 domi
933 2802 1208 2890 remanserant
1302 2871 1304 2875 ,

109 2894 253 2994 gratias
272 2894 352 2992 agit
368 2895 477 2990 Deo,
489 2893 552 2990 qui
578 2917 647 3006 per
671 2915 817 3008 paucos
834 2903 1012 2992 operatus
1032 2903 1091 2967 est
1108 2893 1208 2966 salu-

1 3029 2 3090 3
107 3006 188 3069 tem
207 2994 368 3069 ecclesie
382 3017 461 3071 sue.
496 2992 717 3108 Applicant
708 2993 858 3068 interim
873 2993 1067 3067 christiani
1081 2992 1206 3068 menia
1218 2994 1268 3080 (9.)

109 3098 337 3209 suburbanaq
355 3117 464 3168 muro
485 3093 598 3167 castri
616 3094 744 3192 ignem
757 3094 967 3208 imponunt,
986 3093 1207 3208 patherellis

1 3255 2 3294 ι
108 3196 239 3296 iguem
267 3206 305 3270 et
331 3194 514 3308 lapides
505 3220 542 3266 m
572 3205 737 3267 castrum
768 3194 965 3293 proiciunt.
998 3193 1207 3271 Balistarii

1 3333 3 3340 ·
109 3321 225 3395 quam
243 3295 399 3396 plures
389 3321 427 3368 ιιι
446 3294 655 3395 munitione
669 3295 879 3392 vulnerant,
899 3295 997 3369 unde
1009 3305 1099 3393 post
1112 3295 1208 3368 occi·

109 3398 258 3472 sionem
281 3407 473 3470 tantorum
501 3395 576 3468 iam
604 3419 646 3470 se
670 3396 872 3484 defendere
898 3420 974 3468 non
1001 3395 1205 3469 sufficiunt

107 3499 123 3570 l
126 3499 227 3598 gitur
244 3497 506 3572 Thoredenses
524 3519 658 3595 pacem
676 3504 819 3607 petunt,
847 3520 919 3593 que
945 3494 1105 3568 datur
1073 3517 1140 3592 ers,
1168 3505 1221 3582 etp
1266 3588 1267 3591 Ἴ

1 3609 2 3659 3
108 3599 377 3698 permittuntur
404 3597 505 3671 exire
524 3598 570 3670 de
590 3605 713 3668 castro
731 3621 830 3695 pene
849 3619 981 3668 omnes
1008 3595 1205 3668 vulnerati.

1 3701 2 3758 ἓ
55 3732 61 3742 ’
109 3700 337 3774 Holmenses
365 3708 512 3794 autem,
540 3706 718 3786 auctores
740 3693 957 3792 malorum,
988 3719 1030 3769 se
1055 3695 1205 3768 tradere
1341 3768 1345 3773 ,

1 3849 3 3866 1
109 3799 400 3915 compelluntur,
429 3821 588 3896 quorum
617 3796 786 3871 seniores
810 3795 945 3909 Rigam
974 3795 1206 3868 deducuntur

1 3917 2 3926 ’
108 3912 145 3976 et
163 3901 201 3974 in
219 3899 382 3993 vinculaa
401 3909 514 3997 prout
526 3907 764 3993 meruerunt,
782 3893 1026 3995 proiciuntur.
1059 3895 1205 3970 Ceteris

160 4013 255 4117 tem,
284 3999 346 4097 qui
374 3999 412 4072 in
437 4009 561 4072 castro
591 4007 718 4095 erant,
744 4007 901 4103 propter
927 4006 1206 4071 sacramentum

156 4100 298 4203 ptismn
326 4099 461 4200 quod
452 4098 693 4172 iamdudum
720 4121 806 4173 rece
835 4108 956 4193 erunt,
982 4096 1150 4196 parcitur
1168 4106 1207 4170 et

156 4205 220 4278 hil
252 4201 344 4276 mali
375 4201 552 4299 deinceps
578 4199 746 4274 infertur
800 4123 935 4272 dmnia
960 4207 1099 4298 autem,
1131 4220 1205 4296 que
