3084 5018
322 475 393 550 160
461 469 676 544 HElNRlCl
704 466 984 544 CHRONlCON
1011 467 1263 542 LYVONIAE.

317 673 521 748 leravimus
540 672 585 743 ad
605 694 684 768 eos,
703 680 741 744 et
759 681 845 769 post
862 672 996 743 horam
1015 694 1154 744 nonam
1174 680 1353 766 quattuor
1372 695 1419 744 ex
1519 706 1522 707 f

319 773 374 847 eis
392 773 520 846 villam
539 772 781 847 incendentes
800 771 1167 870 comprehendimus,
1194 770 1330 867 quibus
1357 795 1419 844 cc-

320 873 408 946 cisis
435 873 618 970 equisque
646 872 780 945 ablatis
806 882 895 971 post
920 871 1015 944 alios
1043 871 1344 969 properavimuS,
1380 881 1419 944 et

320 999 407 1048 cum
434 974 591 1068 uetanis,
627 973 690 1070 qui
716 971 879 1046 leviores
905 982 1013 1046 erant
1039 973 1086 1044 ad
1112 973 1418 1070 persequendum
1504 963 1510 978 ⁸

320 1099 399 1169 eos,
426 1073 683 1173 processimus
707 1073 752 1145 ad
771 1072 914 1169 villam,
942 1097 1015 1170 que
1040 1072 1227 1146 Carethen
1247 1082 1417 1167 vocatur,

236 1234 239 1242 .
320 1175 382 1248 ubi
400 1175 501 1248 maia
520 1198 651 1248 eorum
669 1183 707 1246 et
726 1173 972 1271 congregatio
997 1173 1077 1245 fuit.
1122 1173 1177 1245 Ad
1197 1197 1311 1269 quam
1330 1196 1417 1244 cum
1532 1185 1534 1192 “

318 1275 545 1371 veniremus
564 1272 725 1347 vidimus
745 1297 898 1346 onmem
912 1297 1041 1346 eorum
1059 1272 1339 1346 multitudinem
1354 1273 1417 1345 ad·

318 1399 470 1450 versum
502 1399 571 1448 nos
602 1384 757 1470 repente
790 1374 1003 1447 venientem
1032 1373 1077 1446 ad
1109 1373 1346 1470 preliandum
1378 1372 1416 1444 in
1500 1367 1534 1424 -l

318 1499 505 1574 campum.
541 1474 589 1548 Et
605 1475 812 1547 clamantes
826 1498 920 1548 voce
938 1497 1078 1570 magna
1092 1474 1321 1571 clypeosque
1335 1482 1417 1545 tan·
1532 1521 1534 1538 .

319 1587 451 1674 gentes
478 1585 719 1648 accesserunt
747 1575 793 1647 ad
818 1598 906 1670 nos,
941 1584 979 1646 et
1005 1574 1068 1670 qui
1092 1584 1354 1646 remanserant
1377 1573 1417 1646 in

316 1677 419 1774 villa⁷
446 1677 771 1772 subsequebantur
798 1676 844 1746 ad
863 1697 965 1746 suos.
1013 1674 1264 1771 Videntesque
1290 1675 1418 1772 pauci-
1532 1703 1534 1764 3

317 1788 434 1852 tatem
459 1785 675 1850 nostrorum
698 1777 909 1872 currebant,
935 1775 1127 1848 mittentes
1152 1775 1304 1848 lanceas
1324 1798 1415 1847 suas

317 1901 529 1976 supernos.
566 1876 882 1949 Exclamaverunt
895 1869 1016 1948 eciam
1033 1886 1071 1947 et
1084 1874 1208 1948 Letthi
1227 1873 1330 1971 ethi,
1350 1875 1416 1971 qui
1530 1859 1534 1982 j

316 1978 511 2051 nobiscum
533 1987 650 2073 erant,
669 1976 733 2073 qui
750 1975 873 2073 primo
888 1985 1081 2070 venerant⁷
1109 1985 1147 2049 et
1165 1975 1288 2048 adhuc
1307 1987 1417 2048 erant

315 2078 547 2178 paucissimi,
574 2088 611 2150 et
638 2076 812 2149 similiter
835 2079 1034 2150 currebant
1058 2077 1104 2148 ad
1130 2099 1195 2150 eos
1221 2076 1415 2148 mittentes

315 2181 468 2251 lanceas
488 2201 586 2249 suas.
622 2177 713 2250 Erat
729 2187 856 2250 autem
876 2188 957 2250 arta
970 2176 1031 2249 via
1050 2186 1176 2249 nostra
1190 2201 1257 2274 pre
1275 2200 1417 2274 conge·
1532 2183 1534 2218 ³

316 2280 457 2352 latione
474 2277 585 2373 nivis
604 2286 641 2352 et
660 2277 918 2374 unusquisque
937 2287 1025 2374 post
1043 2276 1160 2349 alium
1174 2279 1413 2373 sequebatur.
1532 2287 1534 2372 ἶ

318 2380 365 2452 Et
381 2380 465 2454 ideo
485 2377 732 2452 Theuthonici
758 2379 804 2451 de
830 2377 945 2474 longe
964 2389 1050 2475 post
1075 2388 1226 2474 tergum
1254 2401 1416 2474 sequen·
1533 2379 1534 2438 ἕ

315 2492 374 2554 tes
402 2480 523 2553 adhuc
550 2479 717 2552 nondum
743 2487 940 2571 venerant,
975 2487 1014 2550 et
1039 2489 1120 2551 erat
1145 2477 1253 2550 nobis
1279 2477 1415 2576 primis
1531 2561 1534 2580 Ι

316 2606 450 2655 eorum
467 2580 732 2676 moragravis.
775 2577 1016 2651 Confidentes
1034 2577 1161 2674 itaque
1187 2577 1225 2650 in
1248 2578 1413 2652 Domino
1532 2581 1534 2658 ἓ

315 2682 472 2755 Letthos
491 2682 536 2753 ad
552 2680 743 2753 sinistram
758 2677 1023 2751 ordinavimus.
1060 2678 1309 2752 Theuthonici
1322 2687 1413 2753 vero
1533 2677 1534 2680 ’

316 2782 454 2880 singuli
480 2781 673 2879 perviam
701 2779 907 2873 venientes,
935 2780 981 2852 ad
1009 2780 1179 2852 dextram
1205 2803 1247 2854 se
1273 2790 1415 2877 statue·

314 2894 412 2955 runt.
449 2881 495 2954 Et
514 2880 731 2953 ut'vidimus
750 2880 910 2953 fratrum
928 2879 1060 2955 militie
1079 2879 1257 2954 vexillum
1277 2906 1413 2979 appru-

314 2983 509 3080 pinquare,
528 2980 642 3053 simul
660 2990 698 3054 et
715 2981 849 3053 ducem
868 3005 955 3052 cum
978 3004 1116 3077 magno
1143 3005 1213 3052 suc
1232 2980 1414 3078 subsequi

314 3082 465 3176 vexillo⁷
494 3078 828 3177 quamplurimum
847 3081 1016 3154 letificati
1035 3096 1177 3153 sumus.
1219 3082 1265 3154 Et
1281 3082 1414 3156 videns

315 3181 389 3252 dux
413 3190 629 3252 nostrorum
657 3180 886 3279 paucitatem
905 3206 1112 3279 eorumque
1130 3182 1414 3258 multitudinem
1450 3261 1455 3268 ι

316 3281 384 3355 ait:
416 3279 712 3377 Numquidnam
739 3283 809 3375 ipsi
834 3288 921 3354 sunt
943 3282 1063 3356 hostes
1088 3283 1242 3356 Christi?
1286 3285 1333 3356 Et
1360 3283 1414 3358 ait

315 3379 522 3480 quispiam:
557 3383 633 3476 Ipsi
649 3389 742 3455 sunt.
785 3381 830 3454 tlt
848 3382 918 3454 ait:
953 3372 1059 3456 Nunc
1077 3407 1162 3479 erqo
1189 3384 1411 3458 accedamus

314 3482 366 3556 ud
393 3507 465 3557 eos.
518 3482 565 3554 Et
588 3484 715 3555 statim
743 3507 829 3555 cum
856 3483 1035 3556 fratribus
1060 3484 1191 3558 militie
1224 3485 1412 3583 simulque

316 3608 402 3656 cum
425 3582 508 3656 aliis
527 3583 795 3656 Theuthcnicis
821 3593 859 3657 et
875 3583 1020 3657 Letthis
1047 3597 1348 3682 properaverunt-
1362 3587 1411 3658 ad

315 3709 393 3779 ecs⁷
421 3693 459 3756 et
483 3683 668 3757 irruentes
695 3709 763 3781 per
786 3683 953 3758 medium
971 3710 1115 3781 eorum,
1140 3685 1413 3760 interfecerunt

313 3810 336 3856 a
360 3784 500 3858 dextris
528 3795 566 3858 et
593 3785 766 3881 sinistris7
793 3793 831 3858 et
857 3785 1042 3858 cadebant
1068 3811 1115 3859 ex
1145 3786 1199 3860 eis
1231 3812 1277 3860 ex
1307 3787 1413 3859 omni
1533 3859 1534 3862 ,

311 3894 421 3981 parte
438 3895 632 3982 tamquam
651 3887 793 3982 fenum,
812 3887 910 3982 quod
926 3911 1053 3959 coram
1067 3897 1233 3961 metente
1252 3911 1294 3961 se
1309 3888 1411 3961 cadit

312 3985 351 4057 in
371 3995 510 4059 terram
519 3985 559 4056 ⁹2.
606 3987 653 4058 Et
679 3996 948 4084 percusserunt
976 4011 1042 4061 eus
1062 4012 1181 4086 usque
1200 3989 1246 4061 ad
1264 3989 1409 4086 villam,
1533 4031 1534 4034 ¹

313 4183 358 4256 92)
380 4183 421 4242 Cf.
441 4185 537 4240 leram.
558 4186 583 4248 9,
602 4185 647 4239 22.
676 4213 677 4218 =
