3104 5012
304 457 516 531 HElNllICl
544 456 821 532 CHRONICON
848 458 1098 532 LYVONIAE.
1173 465 1243 534 117

148 658 262 732 ricus.
299 658 372 745 Qui
391 667 429 731 et
443 658 838 756 appropinquaverunt
851 659 897 730 ad
911 659 1072 757 Dunam,
1092 669 1130 734 et
1146 659 1246 735 vide·

149 769 238 832 runt
263 759 393 832 hostes
421 783 549 832 coram
576 782 617 831 se
643 758 681 831 in
700 759 826 831 littore
846 759 961 831 maris
981 770 1019 832 et
1035 759 1074 830 in
1094 760 1168 831 alio
1188 760 1247 831 lit·

149 869 233 932 tore
258 858 453 956 lligenses‚
489 867 527 932 et
552 883 628 930 non
653 869 924 957 coguoverunn
958 859 1020 955 qui
1050 859 1246 933 christiani

150 969 278 1054 erant3
305 959 371 1032 sed
399 957 550 1057 signum
577 960 714 1032 dabant
740 959 794 1032 eis
819 958 1003 1056 Rigenses
1021 959 1246 1034 vexillorum

150 1058 483 1132 demonstratione.
537 1058 652 1140 utut
677 1068 938 1156 cognoverunt
963 1083 1042 1156 eos,
1069 1059 1182 1134 simul
1208 1071 1246 1134 et

147 1159 317 1232 hostiurn
348 1159 614 1232 intellexerunt
644 1159 941 1255 multitudinem2
980 1170 1247 1234 converterunt

79 1352 85 1355 1
148 1283 266 1333 naves
285 1282 374 1331 suas
392 1260 439 1331 ad
458 1259 600 1356 hostes,
627 1269 665 1334 et
692 1260 1001 1333 acceleraverunt
1027 1261 1073 1331 ad
1101 1283 1181 1356 em,
1208 1270 1247 1333 et

149 1370 259 1434 erant
282 1359 433 1456 quidam
451 1359 497 1432 (le
515 1359 739 1457 Rigensibus
764 1359 803 1431 in
826 1358 982 1432 navibus
1001 1359 1091 1455 suis,
1118 1360 1181 1457 qui
1208 1369 1247 1434 et

149 1462 405 1556 sequebantur
431 1483 497 1533 eos
529 1469 615 1557 post
640 1469 789 1557 tergum
817 1459 855 1531 iu
883 1459 1012 1553 Dura,
1049 1469 1087 1534 et
1112 1460 1177 1533 alii
1206 1461 1245 1533 in

147 1559 276 1633 littore
301 1583 428 1633 rerum
454 1569 630 1632 eventum
658 1561 936 1656 exspectabant.
984 1558 1159 1634 Videntes
1178 1558 1246 1633 ita·

150 1685 224 1757 que
241 1659 384 1750 hostes
403 1661 449 1731 ab
468 1659 692 1732 exercitibus
712 1659 1002 1732 christianorum
1021 1660 1185 1757 undique
1204 1684 1246 1734 se

150 1759 389 1855 circumdari,
415 1760 594 1857 fugerunt
615 1759 839 1833 festinanter
859 1760 905 1831 ad
930 1783 1046 1832 naves
1072 1783 1180 1856 suaS,
1208 1771 1246 1835 et

12 1933 19 1944 ,
150 1859 310 1958 dispersi
337 1859 488 1932 suntin
514 1859 611 1932 mari
637 1885 705 1957 per
731 1859 897 1933 medium
924 1883 1069 1955 eorum,
1096 1871 1134 1933 et
1160 1885 1246 1933 eva·

147 1969 311 2034 nuerunt
329 1961 375 2032 ab
402 1959 521 2032 oculis
541 1983 686 2054 eorum,
713 1970 752 2033 et
774 1959 922 2056 sequuti
941 1969 1029 2032 sunt
1048 1959 1244 2059 Rigenses,

149 2072 189 2136 et
205 2060 351 2157 aliquas
376 2083 491 2132 naves
511 2060 746 2132 abstulerunt
764 2061 810 2133 ab
830 2059 897 2154 eis,
925 2068 962 2132 et
982 2061 1098 2133 ceteri
1116 2084 1245 2134 evase·

147 2171 247 2233 runt.
284 2160 331 2231 llt
349 2171 599 2257 susceperunt
616 2159 800 2258 lligenses
819 2159 1042 2258 peregrinos
1059 2184 1147 2233 cum
1164 2160 1246 2236 leti-

147 2261 219 2358 οἱα,
239 2271 276 2333 et
294 2259 564 2333 benedixerunt
576 2260 793 2354 Dominum,
813 2259 874 2356 qui
889 2270 926 2333 et
940 2260 978 2332 in
992 2260 1063 2333 hac
1077 2259 1244 2357 presenti

145 2360 389 2433 tribulatione
416 2360 634 2432 consolatus
662 2371 720 2434 est
746 2359 929 2457 populum
961 2383 1100 2444 suum„
1136 2362 1244 2457 Aqua

145 2485 236 2534 vero
254 2458 420 2532 fluminis
438 2470 608 2535 meatum
634 2483 746 2533 suum
770 2460 906 2532 fortem
926 2458 1085 2532 liberum
1104 2461 1244 2533 habere

146 2561 299 2657 volens,
342 2559 524 2632 simult
487 2571 524 2633 et
554 2583 659 2633 mare
695 2559 949 2658 procellarum
985 2559 1243 2632 collisionibus

147 2685 266 2774 opera
284 2685 416 2735 eorum
441 2659 479 2732 in
497 2660 724 2759 profundum
744 2659 863 2732 missa
880 2661 1123 2772 postmodum
1142 2684 1243 2733 corn-

146 2760 295 2858 minuit,
322 2785 392 2834 nec
419 2784 496 2832 non
521 2770 559 2834 et
584 2759 833 2833 Theuthonici
859 2757 1034 2855 quicquid
1061 2758 1244 2832 remansit

148 2862 389 2935 extrahentes
408 2862 684 2955 destruxerunt,
710 2869 748 2933 et
764 2859 866 2932 viam
888 2859 1045 2932 liberam
1068 2859 1243 2933 omnibus
1272 2877 1276 2884 '
1376 2893 1380 2904 ·

148 2960 326 3033 Dunam
316 2971 456 3034 rntrare
473 2960 686 3034 volentibus
704 2959 954 3033 reddiderunt.

224 3059 472 3134 Osiliensibus
498 3071 626 3133 autem
651 3060 689 3132 in
715 3060 824 3132 Duria
851 3058 1108 3156 existentibus
1133 3056 1304 3142 Rota-(ul

147 3159 287 3234 lienses
315 3171 592 3258 congregantes
623 3160 829 3234 exercitum
857 3161 902 3233 de
934 3160 1016 3232 suis
1044 3161 1243 3244 maritimis

147 3260 351 3358 provinciis
368 3260 603 3333 intraverunt
620 3260 840 3355 Lyvoniam,
865 3259 903 3330 in
928 3260 1164 3372 Methsepole
1183 3261 1244 3334 de-

147 3361 357 3458 spoliantes
372 3360 480 3433 villas
496 3370 534 3434 et
547 3362 801 3453 incendentes,
820 3369 858 3432 et
872 3359 1061 3433 neminem
1075 3360 1244 3433 invenire

146 3471 352 3558 potuerunt
370 3486 415 3534 ex
433 3459 659 3556 LyvonibuS,
687 3460 748 3556 qui
768 3482 899 3532 omues
919 3483 1004 3530 cum
1023 3459 1242 3532 mulieribus

148 3570 189 3634 et
203 3559 371 3658 parvulis
390 3560 468 3633 suis
488 3561 533 3632 ad
558 3570 682 3632 eastra
705 3558 966 3656 confugerant
1015 3556 1061 3629 Et
1087 3583 1244 3672 congre·

148 3671 335 3773 gaverunt
357 3660 530 3756 Lyvones
559 3657 895 3758 congregationem
923 3682 1092 3754 suorum,
1119 3671 1160 3732 ut
1176 3658 1245 3730 ini·

147 3757 257 3833 micis
278 3771 529 3834 occurrerent.
575 3760 621 3831 Et
640 3759 838 3832 audierunt
855 3757 927 3829 llot
929 3757 1091 3831 alienses
1110 3783 1243 3832 eorum
1339 3811 1343 3816 -

145 3861 380 3934 voluntatem
408 3860 523 3933 simul
548 3861 629 3934 etl
629 3884 742 3957 ugam
760 3856 1002 3931 Osiliensium
1020 3881 1177 3931 suorum
1196 3861 1242 3932 de

146 3960 270 4055 Dura,
284 3962 465 4059 fugerunt
479 3971 516 4034 et
517 3960 600 4074 ‘ipsi
615 3971 654 4033 et
666 3982 807 4050 reversi
798 3958 928 4030 ''sunt
919 3983 956 4029 ru
966 3968 1107 4031 terram
1121 3983 1241 4032 suam.

145 4062 339 4135 Venerunt
352 4086 501 4158 quoque
514 4060 665 4134 interim
679 4044 976 4133 Saccalanenses
995 4069 1033 4132 et
1044 4059 1244 4157 Ugaunen·

147 4184 210 4235 ses
241 4162 280 4234 in
310 4171 451 4236 terram
475 4161 671 4235 Lettorum
702 4184 789 4234 cum
816 4159 983 4234 exercitu
1009 4184 1170 4258 magno,
1205 4171 1244 4233 et
