3084 5018
290 473 503 546 HElNRlCl
530 467 807 544 CHRONlCON
833 468 1084 542 LYVONIAE.
1155 474 1223 545 201

8 673 10 758 ᾗ
140 675 409 774 assumptionis
427 676 536 746 beate
554 671 715 767 Virginis
741 670 786 742 ad
806 680 972 747 castrum
997 676 1310 776 perveniuntarrg.

8 825 10 844 ,
139 777 283 849 Eodem
312 775 450 872 quippe
473 773 532 846 die
556 797 653 844 anno
682 771 859 869 preterito
879 789 1045 849 castrum
1062 776 1231 849 Viliende
1254 755 1297 810 ¹⁵·

8 929 10 968 ρ
139 887 291 975 captum
304 885 372 949 est.
398 875 562 971 Campos
572 872 687 970 igitur
695 870 866 944 tentoriis
874 879 1058 978 operiunt⁷
1066 887 1231 950 castren-

8 987 9 990 ’
139 978 244 1049 sibus
262 976 401 1048 bellum
427 973 603 1068 inferunt,
629 970 825 1043 machinas
848 979 1014 1052 minores
1039 989 1078 1052 et
1101 978 1232 1078 pathe·

9 1113 10 1116 ¹
140 1078 254 1151 rellos
273 1084 507 1169 construunt,
525 1073 775 1145 instrumenta
788 1073 923 1152 bellica
938 1104 1051 1176 quarn
1070 1077 1230 1176 plurima

8 1261 9 1264 Ἴ
141 1185 356 1275 preparant,
379 1172 705 1272 propugnaculum
724 1171 802 1244 sive
819 1179 954 1251 turrim
973 1179 1139 1277 ligneam
1156 1179 1231 1249 for·
1256 1213 1259 1221 ·

139 1277 326 1349 tissimam
359 1275 529 1371 erigunt,
568 1297 680 1370 quarn
713 1272 758 1344 de
790 1279 938 1376 magnis
970 1290 1007 1353 et
1037 1278 1231 1352 altissimis

8 1435 13 1442 .
141 1376 337 1450 arboribus
366 1384 450 1448 octo
478 1373 608 1446 diebus
636 1370 839 1452 artificiose
858 1404 953 1475 eque
971 1380 1086 1452 altam
1105 1389 1230 1450 castro

141 1484 447 1576 preparaverant,
481 1472 713 1568 viciniusque
744 1503 858 1577 super
888 1480 1073 1552 fossatum
1105 1478 1232 1576 appel·

140 1579 241 1673 lunt,
278 1587 316 1649 et
341 1575 470 1647 statim
501 1574 680 1646 desubtus
711 1589 852 1652 terram
882 1580 1011 1676 fodere
1037 1579 1230 1676 incipiunt.

8 1767 9 1772 Ἰ
141 1677 344 1750 Ordinatur
370 1675 415 1747 ad
441 1675 659 1748 fodiendum
685 1691 835 1752 noctem
861 1689 899 1752 et
923 1680 1021 1752 diem
1047 1678 1231 1752 medietas

8 1809 10 1852 ἱ
140 1777 341 1873 exercitus,
369 1785 410 1847 ut
434 1774 498 1846 alii
525 1775 679 1868 fodiant,
707 1779 769 1851 alii
793 1789 934 1852 terram
959 1781 1143 1876 dilapsam
1171 1803 1233 1851 ex-

139 1886 303 1975 portent.
347 1876 452 1955 Unde
476 1899 588 1947 mane
615 1875 715 1950 lacto
739 1879 872 1950 fossati
905 1903 1043 1977 magna
1069 1902 1157 1977 pars
1184 1881 1230 1951 de

139 1979 240 2051 vallo
266 1975 452 2070 dilabitur,
479 1985 517 2049 et
542 2001 630 2048 mox
655 1979 983 2076 propugnaculum
1008 1978 1166 2052 vicinius
1185 1979 1230 2051 ad

8 2097 10 2148 ὲ
139 2088 309 2151 castrum
323 2086 526 2174 apponunt.
562 2077 760 2150 Mittuntur
776 2079 925 2151 interim
942 2078 1166 2152 internuncii
1185 2079 1231 2151 ad

140 2203 285 2276 regem,
313 2178 526 2249 sacerdotes
555 2187 596 2250 et'
616 2178 767 2275 milites
793 2179 864 2252 viri
889 2180 1051 2277 honesti7
1078 2178 1234 2278 promit-

8 2303 9 2326 ³
140 2279 233 2350 titur
257 2279 291 2350 ei
317 2277 376 2349 via
402 2277 532 2371 libera,
569 2287 609 2349 ut
634 2289 743 2352 exeat
769 2304 855 2353 cum
878 2279 967 2353 viris
998 2291 1037 2354 et
1062 2280 1167 2376 equis
1195 2289 1233 2352 et

8 2387 9 2420 ³
142 2379 316 2452 omnibus
333 2378 444 2449 rebus
462 2376 553 2472 suin
580 2379 612 2450 si
637 2389 785 2451 tanturn
809 2381 962 2454 recedat
979 2381 1025 2454 de
1044 2390 1167 2451 castro
1196 2390 1234 2452 et

8 2483 10 2570 ξ
141 2489 294 2576 gentem
313 2477 417 2548 illam
444 2479 713 2574 apostatricem
740 2480 983 2576 derelinquat.
1028 2479 1101 2552 Sed
1127 2504 1234 2552 rexa

8 2595 10 2644 l
140 2578 449 2676 Nogardensibus
479 2577 740 2654 liberationem
771 2591 986 2677 expectans,
1018 2580 1233 2654 nullatenus

8 2703 9 2726 ³
142 2703 184 2752 se
209 2687 376 2750 castrum
395 2677 654 2775 derelinquere
678 2679 936 2777 pertinaciter
958 2680 1132 2754 affirmat.
1166 2681 1236 2752 Ve-

8 2763 10 2814 t
142 2779 251 2850 niunt
267 2777 418 2850 interim
435 2776 597 2852 Rutheni
616 2780 821 2879 spoliantes
839 2781 876 2852 in
903 2780 1108 2879 provincia,
1135 2780 1235 2853 defe-

8 2875 10 2950 ῗ
143 2889 277 2950 runtur
303 2901 474 2950 rumores
500 2879 537 2950 in
561 2879 735 2977 tentoria,
762 2881 963 2977 statimque
987 2879 1235 2954 Theuthonici
1310 2875 1314 2882 ’

8 2975 10 3054 1
142 2978 265 3076 parati
295 2978 507 3076 venientes,
527 2977 596 3050 ¹eis
623 3003 822 3054 occurrere
849 2983 1040 3079 volentes,
1077 3004 1234 3078 campos

8 3079 10 3156 ῗ
144 3088 278 3177 petunt
307 3078 476 3175 aliosque
514 3079 551 3152 in
589 3079 783 3154 obsidione
813 3082 927 3154 castri
963 3081 1235 3178 derelinquunt

8 3185 10 3278 ᾗ
144 3179 228 3251 Non
253 3179 490 3252 venientibus
514 3178 697 3253 Ruthenis
727 3181 864 3255 iterum
895 3184 940 3255 ad
969 3183 1082 3256 castri
1114 3207 1237 3257 rever·

143 3290 276 3352 tuntur
298 3279 635 3377 impugnationem,
671 3281 890 3354 balistarum
918 3283 1068 3380 sagittis
1096 3283 1237 3355 multos

8 3431 11 3476 p
145 3379 183 3451 in
202 3381 418 3452 summitate
437 3378 655 3451 munitionis
673 3381 882 3476 vulnerant,
906 3393 944 3454 et
962 3383 1054 3454 alios
1077 3383 1236 3454 iactibus

145 3479 407 3553 machinarum
425 3478 664 3573 interficiunt,
684 3480 902 3577 patherellis
920 3482 1061 3554 ferrum
1075 3481 1237 3579 ignitum

8 3643 10 3648 .
144 3581 206 3653 vel
225 3580 320 3651 ollas
333 3579 466 3678 igneas
484 3579 521 3650 in
535 3589 700 3651 castrum
718 3580 915 3677 proiciunt.
951 3582 1129 3656 Terrores
1143 3582 1239 3654 mul·

8 3681 11 3760 ἷῑ
145 3689 206 3752 tos
226 3680 479 3774 castrensibus
497 3679 693 3774 incutiunt,
712 3705 756 3753 eo
776 3682 874 3777 quod
894 3682 958 3753 alii
976 3682 1239 3778 instrumenta,

8 3859 10 3882 γ
147 3805 219 3876 que
247 3778 381 3853 ericios
406 3792 444 3854 et
461 3803 596 3879 porcos
620 3791 769 3878 vocant,
796 3793 1021 3880 preparant·
1038 3781 1101 3854 alii
1118 3781 1239 3879 ligno-

8 3887 10 3978 ξ
147 3905 231 3952 rum
246 3891 369 3954 strues
384 3890 632 3979 comportant,
647 3880 710 3952 alii
726 3880 833 3978 ignes
848 3891 1052 3980 apponunt,
1070 3907 1238 3980 pugnan-

8 4031 10 4078 ᾖ
147 3989 205 4053 tes
232 3980 270 4052 in
296 3981 396 4053 hunc
427 3982 581 4055 modurn
609 3980 739 4054 diebus
763 3981 946 4079 plurimis.
998 3982 1181 4056 Similiter
1202 3992 1240 4057 et

8 4103 10 4120 ¹
148 4080 210 4176 qui
237 4080 276 4152 in
304 4091 428 4154 castro
453 4093 576 4178 erant‚
611 4081 806 4156 machinas
834 4092 872 4157 et
896 4083 1128 4181 patherellos
1154 4109 1240 4157 con·

148 4190 206 4252 tra
233 4182 427 4254 machinas
454 4182 743 4254 christianorum
763 4193 996 4283 construunt,
1021 4184 1239 4282 sagittarios
