3104 5012
322 449 536 522 HElNRlCl
563 449 841 524 CHRONICON
866 451 1117 525 LYvoltlAtt.
1194 443 1264 528 1'31·

167 661 228 725 est
255 672 376 723 novus
402 649 640 723 adversarius
667 650 898 747 Lyvonensis
929 652 1089 726 ecclesie
1115 651 1265 726 Wolde·

38 803 39 806 ,
168 773 315 845 marus5
339 749 402 846 qui
429 749 591 823 surrexit
615 771 701 825 cum
728 751 892 825 exercitu
917 777 1056 850 magno
1074 752 1264 825 Rutheno·
1345 802 1349 810 -

167 875 254 924 rum
282 851 328 923 de
346 850 598 948 Plescelrowe,
625 861 662 924 et
678 851 780 924 venit
805 850 843 922 in
860 851 1083 949 Ugauniam,
1112 862 1150 926 et
1167 851 1264 925 sedit
1376 931 1382 938 ,

37 979 40 982 ·
167 952 205 1023 in
224 959 354 1024 monte
372 949 554 1048 Odempe,
573 961 611 1024 et
629 949 732 1023 misit
745 951 950 1025 exercitum
969 976 1078 1026 suum
1097 976 1166 1050 per
1183 977 1264 1025 om·

167 1075 236 1125 nes
260 1050 369 1124 villas
389 1074 433 1123 ac
450 1050 664 1148 provincias
688 1051 912 1148 incircuitu,
939 1053 1001 1148 qui
1019 1053 1262 1126 incendentes

166 1162 206 1228 et
223 1152 474 1250 depredantes
492 1161 612 1223 totam
630 1162 784 1248 terram,
802 1152 1016 1249 multosque
1030 1153 1130 1225 viros
1149 1153 1262 1226 inter·

30 1299 32 1306 ,
164 1253 350 1346 fecerunt,
377 1251 630 1347 mulieresque
656 1261 693 1326 et
717 1253 896 1350 parvulos
914 1253 1083 1351 captivos
1101 1254 1270 1326 deduxe‘
1371 1289 1373 1296 ·

165 1363 265 1426 runt.
309 1351 357 1423 Et
374 1362 457 1425 erat
473 1351 610 1425 ibidem
629 1351 976 1425 Theuthonicorum
992 1353 1142 1450 quidam
1161 1352 1270 1425 lslri·'

166 1454 237 1526 dus
255 1461 457 1548 mercator,
475 1454 537 1549 qui
556 1452 710 1550 perditis
726 1452 900 1525 omnibus
918 1453 997 1526 suis
1011 1453 1146 1552 Rigam
1163 1453 1261 1552 fugit

166 1564 205 1628 et
222 1552 414 1625 nunciavit
430 1551 491 1624 ibi.
535 1552 638 1625 Tunc
661 1563 917 1626 convenerunt
940 1553 1107 1627 seniores
1126 1553 1254 1651 Rigen·
1271 1563 1321 1647 (4.)

163 1653 265 1726 sium
296 1676 382 1725 cum
410 1651 600 1750 episcopis
626 1675 669 1724 ac
695 1652 874 1726 fratribus
901 1653 1055 1750 milicie,
1092 1653 1261 1726 conside-

164 1765 370 1850 rantesque
394 1753 535 1826 bellum
560 1752 818 1826 Ruthenorum
846 1753 915 1826 sibi
933 1754 1032 1828 forte
1049 1753 1265 1851 imminere„

164 1852 388 1926 divisionem
415 1853 601 1949 quandam
627 1852 815 1926 faciebant
833 1877 948 1952 super
973 1854 1146 1926 omnibus
1174 1878 1260 1951 pro·

162 1953 296 2028 vinciis
311 1952 464 2026 Estonie
477 1977 546 2050 per
557 1952 820 2048 Lyvonensem
834 1952 1034 2027 ecclesiam
1049 1953 1259 2051 subiugatis

165 2079 210 2127 ac
242 2053 457 2152 baptizatis,
496 2053 750 2126 describentes
781 2053 941 2127 ecclesie
977 2053 1190 2150 Lyvonensi
1222 2065 1260 2127 et

163 2154 345 2252 episcopo
372 2151 524 2251 Rigensi
548 2153 704 2226 terciam
730 2162 876 2251 partem
903 2164 1154 2253 proventuum
1179 2177 1259 2226 om-

163 2256 269 2328 nium
296 2253 596 2347 attributorum,
623 2254 668 2326 de
686 2253 841 2326 Estonia
859 2254 1178 2351 provenientium,
1204 2264 1258 2348 ut⁷

164 2355 265 2428 sicut
281 2354 454 2426 laborum
474 2375 518 2426 ac
536 2354 735 2448 bellorum,
754 2353 808 2425 sic
828 2354 942 2426 etiam
956 2355 1257 2427 consolationum

163 2453 354 2554 particeps
386 2453 578 2550 existeret,
619 2453 881 2526 secundariam
917 2464 1062 2551 partem
1095 2452 1273 2526 Estiensi2=

165 2555 358 2653 episcopo,
386 2553 545 2627 terciam
572 2577 662 2628 vero
690 2553 867 2626 fratribus
894 2553 1033 2626 milicie
1060 2577 1128 2652 pro
1155 2554 1259 2625 labo-

164 2657 267 2728 ribus
287 2664 325 2727 et
342 2653 517 2752 expensis
535 2656 613 2725 suis
632 2652 903 2725 adiudicabaut.

239 2753 503 2850 veneruntque
529 2753 665 2827 iterum
693 2753 940 2850 Ugaunenses
968 2753 1012 2825 ad
1044 2752 1318 2850 episcopos,(5·l

164 2854 346 2928 auxilium
365 2864 496 2927 contra
515 2853 708 2927 lluthenos
727 2854 971 2951 postulantes.
1008 2852 1055 2924 Et
1073 2853 1258 2925 miserunt

164 2955 333 3053 episcopi
357 2955 457 3027 viros
483 2977 573 3026 suos
598 2953 883 3026 cumfratribus
910 2953 1047 3026 milicie
1069 2953 1105 3025 in
1132 2953 1258 3051 Ugru-

165 3056 279 3127 niam.
333 3054 406 3142 Qui
433 3063 761 3152 congregaverunt
778 3053 938 3128 Estones
958 3077 1089 3127 omnes
1109 3054 1154 3126 de
1172 3077 1259 3151 pro-

165 3155 298 3228 vinciis
315 3155 402 3249 illie,
430 3164 468 3228 et
487 3153 754 3228 edificaverunt
771 3165 940 3228 montem
957 3152 1127 3252 Odempe
1146 3154 1260 3226 simul

165 3279 253 3328 cum
272 3255 338 3348 eis,
367 3265 404 3328 et
428 3255 692 3327 habitaverunt
709 3255 757 3326 ibi
777 3256 988 3328 munientes
1008 3265 1175 3327 castrum
1199 3254 1260 3326 fir·

166 3355 350 3449 missime,
377 3365 455 3428 tam
475 3364 607 3426 contra
624 3353 831 3450 Ruthenos,
851 3378 964 3451 quam
982 3365 1111 3426 contra
1125 3363 1259 3451 gentes
1347 3367 1349 3372 ’

165 3455 261 3528 alias
295 3455 417 3528 adhuc
447 3454 613 3526 nondum
646 3452 865 3552 baptizatas.
917 3453 1109 3527 Venerunt
1138 3453 1260 3526 eciam

167 3555 329 3629 Rutbeni
349 3555 466 3629 solito.
475 3578 581 3627 more
600 3553 637 3626 in
654 3564 795 3627 terram
808 3553 1003 3627 Lettorum
1023 3554 1067 3626 de
1082 3552 1260 3626 Tholowa

167 3680 236 3753 pro
265 3679 380 3729 censu
413 3679 482 3727 suo
515 3653 745 3752 colligendo3
780 3678 853 3749 quo
881 3653 1059 3749 collecto,
1093 3662 1260 3725 castrum

165 3756 324 3830 Reverin
352 3754 608 3829 incenderunt.
661 3753 708 3826 Et
736 3753 825 3826 vidit
854 3753 1052 3827 Bertoldus
1079 3751 1262 3850 magister

167 3855 308 3930 milicie
333 3856 378 3934 de
395 3855 565 3929 Wenden
592 3855 690 3950 quod
706 3852 760 3927 'ad
780 3853 921 3927 bellum
942 3877 984 3928 se
1002 3861 1260 3951 prepararent,

81 4029 86 4038 ,
167 3957 333 4052 eoquod
354 3964 478 4028 castra
491 3954 959 4050 Lettoromincenderent,
985 3953 1088 4025 misit
1105 3963 1143 4026 et
1161 3975 1262 4024 com-

167 4056 366 4154 prehendit
394 4078 473 4148 eoS,
509 4065 547 4129 et
570 4054 728 4151 proiecit
754 4078 821 4128 eos
847 4054 886 4127 in
913 4078 1126 4147 carcerem3
1166 4076 1261 4149 quos

167 4168 312 4251 tamen,
348 4155 582 4230 venientibus
609 4155 755 4229 nunciis
782 4154 883 4253 regis
910 4153 1116 4253 Negardie,
1150 4152 1263 4225 solvit
