3016 5016
19 460 26 608 p
65 443 71 453 ·
106 501 108 506 ,
214 425 437 500 immutet
464 426 737 502 CHRONICON
763 427 1010 504 LYVONIAE.
1068 429 1162 503 XVII

19 609 24 704 i
56 629 264 702 Lettonum
292 627 392 701 etin
421 628 524 703 curia
557 628 726 727 episcopi
756 628 961 725 enutritus.
997 641 1034 704 et
1065 632 1159 706 adeo
1208 648 1210 651 ’

20 741 27 841 p
59 727 185 802 fidelis
211 727 383 824 effectus,
410 739 451 800 ut
476 729 663 828 interpres
689 730 735 802 ad
763 741 910 804 ceteras
935 742 1069 830 gentes
1096 731 1159 805 do-

19 853 26 894 r»
58 829 203 905 caudas
221 827 444 902 mitteretur.
473 826 641 904 'nemum
658 829 754 925 XIX,
772 832 795 902 4
820 853 946 904 aereus
963 835 1088 921 finem:
1114 831 1161 905 Et

19 899 27 1042 i
53 927 173 1006 missi
198 939 286 1002 sunt
311 929 445 1002 Petrus
465 929 696 1004 Kakuwelde
723 931 779 1004 de
796 930 995 1004 Vinlandia
1013 942 1051 1004 et
1068 931 1157 1006 Otto

19 1057 21 1123 t
60 1029 222 1102 fratrum
239 1027 382 1102 milicie
401 1030 592 1104 sacerdos.
636 1028 768 1124 Populi
790 1053 921 1104 nomen
937 1037 1159 1125 usurpatum

19 1189 20 1192 ,
58 1130 174 1201 etiam
198 1150 275 1216 esre
295 1152 368 1222 pro
396 1135 508 1220 terra,
541 1128 716 1202 docemur
740 1129 810 1204 hoc
834 1129 935 1205 loco:
967 1130 1093 1226 XXIX,
1121 1137 1157 1227 7,

67 1227 274 1302 Wiiireimuc
298 1231 488 1324 episcopus
511 1228 726 1304 Mutinensis
748 1229 847 1304 sedis
864 1230 1092 1326 apostolicae
1109 1230 1157 1304 le-

19 1345 20 1414 ]
57 1334 171 1426 patus
184 1329 442 1426 pertransiens
457 1329 661 1424 Lyvoniam
673 1330 778 1404 venit
792 1330 830 1406 in
840 1330 1156 1432 Letthorumpro-
1245 1353 1250 1402 f

19 1455 21 1512 i
62 1427 240 1525 vinciam,
255 1439 299 1503 et
317 1429 370 1502 dc
388 1429 568 1503 Letthis
588 1429 625 1502 in
639 1429 850 1505 Sackalam.
884 1429 958 1504 Sed
971 1439 1160 1526 opponant

19 1589 20 1592 ,
59 1527 288 1624 aduersarii,
321 1528 516 1602 Auctorem
547 1533 672 1618 favere
706 1533 811 1625 parti
843 1530 1155 1626 iireutonicorum,

19 1625 22 1720 i
61 1628 566 1725 dominorum-episcoporum
592 1636 627 1703 et
649 1634 812 1719 fratrum
837 1631 989 1705 miiitiae
1007 1627 1156 1706 uirtutes

19 1721 22 1808 i
59 1727 114 1803 ad
140 1728 279 1802 coelum
307 1753 420 1827 usque
437 1733 576 1819 efferre.
612 1731 721 1804 Recte
746 1730 888 1828 quidem
914 1738 950 1805 et
971 1755 1064 1825 aere,
1091 1731 1157 1805 ced

19 1811 23 1932 i
60 1836 315 1930 arpumentum
334 1829 470 1905 nuliius
487 1833 563 1919 fere
576 1833 757 1910 momenti.
789 1829 927 1905 Auctor
940 1839 1155 1905 erotracer-

19 1929 146 2026 ludos,
171 1933 439 2004 conversionem
462 1936 584 2002 autem
606 1954 843 2026 papanorum
869 1931 920 2004 ad
936 1931 1044 2021 {idem
1063 1931 1156 2004 cirri·

19 2065 21 2130 ᾖ
58 2034 222 2104 stanam
247 2031 397 2103 molitus
421 2038 478 2104 est
500 2035 690 2126 episcopus
714 2029 899 2127 Alternis,
926 2032 1044 2106 moiiti
1069 2040 1158 2105 sunt

58 2133 170 2204 ceteri
196 2133 354 2226 episcopi
377 2138 415 2204 et
438 2134 602 2220 fratrum
626 2131 777 2205 miiitiae
801 2130 906 2205 ordo.
956 2131 1006 2206 Hi
1031 2155 1154 2207 omnes

19 2235 22 2308 i
59 2238 185 2304 autem
202 2230 410 2305 Theutoniei
422 2235 535 2318 fuere.
571 2231 886 2306 Hieranteiectuc
899 2231 1153 2328 vaporantur,

19 2315 21 2412 i
59 2335 135 2429 qui,
163 2337 206 2403 ut
219 2331 411 2405 israelitae
428 2330 626 2428 quondam,
651 2331 778 2428 plodio
797 2338 833 2404 et
849 2337 929 2427 ipae
947 2333 1157 2429 portabant

19 2415 23 2534 i
53 2429 203 2505 umbram
228 2431 376 2505 Domini
393 2431 445 2503 aa
461 2438 584 2526 pentes
601 2431 776 2506 diversas.
812 2431 862 2504 Hi
880 2432 1032 2530 denique
1049 2439 1156 2505 erant

54 2531 198 2605 domini
215 2539 336 2605 terrae
353 2534 565 2630 acquisitae.
609 2531 759 2605 Praeter
778 2531 1013 2607 Theutonicor
1030 2539 1152 2607 autem

20 2629 23 2704 i
55 2632 254 2705 Heinricur
278 2633 466 2705 Lettorum
495 2639 625 2727 partes
657 2639 797 2727 tuetur,
834 2631 966 2706 diserte
987 2657 1153 2729 pronun·

20 2707 25 2852 i
54 2735 130 2838 tiat
145 2732 272 2827 XXIX,
292 2734 327 2827 3,
354 2731 538 2829 quomodo
571 2732 775 2807 Wiiheimus
793 2732 935 2828 tepente
953 2759 1014 2808 eos
1032 2733 1153 2807 laudi·
1185 2797 1188 2804 ,

20 2853 24 2950 p
55 2832 127 2907 bur
151 2840 368 2928 prosecutus
394 2836 455 2927 sit,
483 2858 528 2907 eo
557 2835 655 2931 quod
682 2846 818 2931 sponte
846 2845 884 2906 et
904 2837 1050 2934 absque
1075 2833 1153 2907 ulla

55 2931 245 3007 bellorum
280 2933 563 3029 perturbatione
599 2933 714 3009 fidem
752 2933 997 3014 christianam
1027 2935 1158 3034 primo·

55 3044 309 3131 susceperunt
335 3044 373 3106 et
398 3035 642 3132 postmodum
666 3060 877 3133 nunquam,
899 3061 1010 3120 vmore
1034 3037 1152 3131 Lyvo-

56 3159 150 3206 num
169 3143 207 3206 et
223 3133 418 3228 Estonum‚
445 3134 623 3232 baptismi
650 3145 887 3210 sacramenta
903 3135 1152 3232 violaverunt,

25 3265 42 3313 ·.·
53 3233 313 3310 humilitatem
341 3245 378 3306 et
401 3233 622 3332 patientiam
648 3261 780 3310 eorum
805 3234 1054 3332 collaudavit,
1088 3238 1152 3335 qui

30 3358 198 3407 nomen
227 3332 369 3407 domini
394 3334 513 3408 nostri
541 3336 626 3410 lesu
645 3336 783 3410 Christi
803 3338 849 3410 ad
868 3336 1028 3413 Estones
1049 3339 1151 3411 etad

29 3433 153 3527 ,alias
181 3445 315 3530 gentes
340 3432 416 3508 lete
444 3445 659 3532 portantes,
694 3437 833 3512 multos
861 3437 908 3511 de
940 3448 1053 3552 gente
1083 3462 1152 3511 sua
1181 3517 1184 3522 ,
1308 3425 1311 3429 ’

30 3536 39 3628 f
52 3543 213 3632 propter
227 3532 387 3608 eandem
400 3535 514 3609 iidem
528 3536 773 3620 christianam
788 3537 948 3635 occisos,
963 3565 1000 3611 m
1015 3550 1152 3633 marty-
1232 3571 1238 3584 ·

29 3629 155 3729 irum,
182 3644 223 3706 ut
242 3632 442 3730 credimus.
467 3637 700 3710 consortium
717 3638 1016 3711 transmiserunt.
1052 3636 1152 3710 Aua·
1294 3643 1296 3648 ’

33 3732 139 3805 “men
162 3734 284 3807 Latios
309 3756 385 3805 una
410 3757 492 3812 cum
516 3736 722 3829 mannitus
746 3761 844 3810 anno
870 3740 976 3813 1212.
1003 3736 1151 3812 rebelles

28 3836 236 3945 perstitisse
267 3841 398 3907 eontra
438 3842 559 3909 terrae
597 3837 785 3931 dominos,
825 3842 900 3932 ipre
929 3847 1154 3912 narraverat

32 3933 151 4027 ¹XVI,
179 3935 212 4007 3.
239 3940 274 4008 4.
303 3936 337 4008 5.
386 3934 439 4008 Ne
465 3940 546 4032 quis
572 3937 730 4030 obiiciat,
756 3938 967 4012 Heinricum
990 3942 1045 4013 ita
1062 3944 1151 4028 seri·
1260 3985 1263 3990 -

28 4036 38 4097 .’
50 4037 185 4134 prisce,
212 4033 311 4131 quod
336 4035 423 4137 olim
449 4036 551 4131 apud
575 4039 697 4112 Lettos
721 4042 821 4131 ipsos
842 4044 918 4134 ipse
941 4040 1149 4124 sacerdotio
1223 4045 1226 4050 ’
