3104 5012
234 480 237 485 ·
281 432 493 506 HEINRICI
521 430 799 506 CHRONICON
826 431 1076 507 LYVONIAE.
1152 435 1222 507 149

7 615 14 690 [·
126 631 343 734 princeps81
365 657 451 707 cum
473 631 563 705 suis.
600 632 672 719 Qui
691 657 821 707 omnes
837 634 1104 748 applicuerunt
1121 660 1225 709 exer·

7 739 13 814 ζ
127 734 243 808 citum
264 757 374 806 suurn
392 733 446 805 ad
474 732 720 807 Revelenseur
740 758 985 832 provinciam⁷
1017 748 1054 808 et
1077 736 1226 810 resede-

127 845 216 908 runt
243 833 280 906 in
304 833 535 931 Lyndanise‚
569 835 667 930 quod
693 833 818 907 fuerat
842 844 1008 907 castrum
1035 837 1224 933 quondam

126 933 406 1032 Revelensium.
467 934 514 1006 Et
543 934 780 1007 destruentes
812 945 979 1008 castrum
1017 937 1225 1034 antiquum,

127 1035 229 1109 aliud
248 1056 386 1108 novum
407 1032 582 1108 edificare
608 1043 797 1132 ceperunt.
834 1034 881 1107 Et
899 1048 1227 1136 congregaverunt

7 1141 14 1222 ξι
125 1135 357 1215 Revelenses
377 1143 414 1208 et
431 1132 685 1208 Harionenses
705 1133 913 1208 exercitum
939 1161 1119 1235 magnum
1139 1162 1226 1211 con·

126 1247 185 1308 tra
205 1259 284 1331 eos7
312 1243 350 1309 et
368 1233 553 1307 miserunt
576 1234 744 1308 seniores
770 1237 926 1308 suos-ad
944 1260 1076 1334 regern
1101 1238 1226 1312 verbis

126 1334 295 1436 pacificis
313 1334 351 1406 in
370 1335 469 1429 doto,
497 1346 534 1408 et
552 1333 708 1408 credidit
726 1334 780 1409 eis
804 1360 871 1409 rex
896 1336 1074 1434 ignorans
1098 1339 1225 1410 dolum

7 1443 21 1492 :·.
126 1438 309 1535 ipsorum.
338 1435 393 1508 Et
411 1434 512 1508 dedit
530 1434 583 1509 eis
602 1459 774 1532 munera,
801 1445 839 1510 et
856 1436 1140 1533 baptizaverunt
1158 1461 1225 1512 eos

128 1535 311 1636 episcopi,
337 1535 573 1609 remittentes
601 1559 667 1609 eos
688 1561 772 1608 cum
799 1536 946 1634 gaudio.
994 1537 1066 1624 oui
1084 1539 1226 1613 reversi
1333 1617 1336 1622 ,

130 1638 175 1710 ad
201 1660 302 1732 suoS,
330 1635 535 1716 cumomni
555 1635 723 1710 exercitu
742 1659 811 1708 suo
830 1649 917 1734 post
932 1636 1097 1711 triduum
1116 1663 1227 1713 vene·

128 1748 217 1810 runt
248 1737 294 1810 ad
326 1759 525 1834 vesperam
555 1737 656 1816 facta
684 1759 795 1833 cena,
831 1747 868 1810 et
894 1736 1085 1811 irruerunt
1112 1762 1227 1837 super

129 1837 259 1910 Danos
284 1837 321 1908 in
349 1836 513 1934 quinque
538 1835 645 1931 locis,
673 1845 711 1909 et
736 1847 1000 1934 pugnaverunt
1025 1863 1069 1912 ex
1088 1837 1227 1937 impro-

129 1937 211 2012 viso
232 1961 318 2036 cum
338 1936 404 2032 eis,
431 1948 468 2010 et
483 1936 634 2032 quidam
653 1961 698 2011 ex
723 1935 777 2009 eis
796 1945 971 2034 putantes
990 1962 1121 2037 regern
1141 1960 1226 2012 esse

129 2039 169 2110 in
186 2036 362 2131 tentorio,
390 2037 489 2133 quod
509 2047 590 2109 erat
605 2034 831 2112 venerabilis
849 2034 1033 2110 Estiensis
1058 2037 1227 2136 episcopi

129 2137 365 2233 Theoderici,
388 2136 623 2210 intraverunt
641 2137 685 2208 ad
706 2161 805 2233 eum,
831 2147 869 2210 et
892 2136 1111 2212 occiderunt
1129 2163 1228 2235 eum,

131 2248 170 2313 et
188 2237 250 2311 alii
270 2237 365 2312 alios
383 2236 625 2334 insequentes
651 2235 919 2311 interfecerunt
945 2237 1073 2335 plures
1094 2263 1139 2312 ex
1158 2239 1225 2312 eis

130 2338 316 2412 Dominus
342 2362 432 2411 vero
456 2336 683 2411 Wenezlaus
719 2340 843 2410 stabat
865 2337 902 2409 in
932 2339 1041 2436 valle⁷
1072 2363 1144 2436 que
1169 2349 1229 2411 est
1320 2333 1323 2339 ’

129 2439 169 2512 in
195 2439 380 2513 descensu
403 2436 542 2510 montis
569 2437 615 2510 ad
634 2461 751 2532 mare,
778 2447 874 2510 cum
892 2436 1015 2512 Slavis
1040 2431 1129 2510 suis.
1182 2438 1229 2510 Et

129 2539 262 2613 videns
290 2561 356 2611 eos
392 2537 712 2636 appropinquare,
744 2537 944 2610 confestim
973 2538 1135 2612 occurrit
1161 2536 1227 2612 eis.

131 2640 180 2711 Et
198 2661 372 2738 pugnans
392 2663 478 2712 oum
498 2638 565 2734 eis,
584 2636 769 2710 convertit
786 2661 852 2710 eos
871 2637 908 2711 in
928 2639 1071 2736 fugam,
1091 2649 1129 2712 et
1145 2661 1230 2736 per·

132 2741 361 2836 sequebatur
388 2762 465 2835 eos,
495 2737 717 2836 percuciens
746 2737 1039 2812 etinterficiens
1067 2761 1133 2812 eos
1161 2761 1229 2836 per

130 2841 245 2915 viam.
293 2839 469 2914 Videntes
495 2847 621 2911 autem
648 2837 809 2911 Estones
835 2836 912 2934 alti,
940 2839 1001 2936 qui
1026 2838 1151 2911 Dauos
1176 2836 1230 2909 in·

133 2942 401 3037 sequebantur,
426 2940 558 3037 fugam
576 2937 740 3034 illorum,
760 2937 822 3036 qui
841 2962 927 3011 curn
946 2937 1069 3012 Slavis
1089 2962 1231 3037 pugna·

133 3051 282 3138 verunt,
308 3049 493 3114 steterunt
521 3039 641 3112 eciam
668 3049 705 3112 et
722 3038 806 3136 ipsi,
834 3049 1028 3114 cessantes
1056 3064 1077 3113 a
1103 3055 1231 3137 perse·

135 3143 285 3215 cutione
304 3140 508 3214 Danorum.
557 3139 605 3210 Et
627 3150 885 3213 convenerunt
910 3163 1042 3215 omnes
1069 3138 1164 3212 Dani
1184 3139 1232 3211 si·

133 3241 216 3314 mul
241 3265 326 3314 curn
357 3265 461 3339 rege,
489 3249 527 3313 et
552 3238 798 3314 Thouthonici
832 3239 995 3337 quidam⁷
1029 3239 1092 3336 qui
1125 3248 1233 3313 erant

135 3341 309 3438 cumeis,
335 3351 373 3416 et
399 3349 645 3414 occurrerunt
669 3339 884 3437 Estonibus,
911 3341 1133 3414 dimicantes
1157 3340 1232 3411 for·

133 3443 224 3516 titer
251 3467 337 3515 cum
364 3441 430 3516 eis.
484 3439 532 3512 Et
557 3440 737 3537 fugerunt
761 3439 924 3514 Estones
943 3465 1073 3513 coram
1099 3439 1166 3535 eis,
1193 3447 1232 3512 et

134 3552 340 3641 postquam
363 3540 484 3615 omnis
509 3538 709 3613 multitudo
738 3562 870 3612 eorum
897 3563 1077 3614 conversa
1109 3537 1232 3612 estin

133 3643 281 3741 fugam,
300 3644 553 3739 sequebantur
566 3648 655 3738 post
672 3662 738 3714 eos
752 3638 848 3712 Dani
863 3665 947 3714 cum
962 3636 1233 3714 Theutbonicis

137 3752 175 3816 et
203 3741 339 3834 Slavis,
375 3751 413 3816 et
437 3741 707 3816 interfecerunt
731 3763 777 3813 ex
802 3740 856 3814 eis
883 3766 950 3840 per
976 3763 1119 3841 paucos
1145 3738 1233 3837 plus

137 3867 252 3942 quarn
277 3842 381 3916 mille
408 3842 523 3938 viros,
551 3850 589 3915 et
612 3838 727 3914 ceteri
744 3841 934 3940 fugerunt.
980 3841 1027 3914 Et
1044 3840 1234 3914 referebat

134 3968 203 4017 rex
235 3953 273 4017 et
303 3942 469 4043 episcopi
500 3941 641 4040 gratias
678 3941 757 4014 Deo
794 3966 863 4040 pro
895 3941 1050 4016 'victoria
1086 3940 1156 4014 sibi
1187 3939 1233 4012 de

135 4143 182 4218 64)
201 4143 348 4216 Rugcusis.
