3084 5018
301 466 369 540 152
441 461 654 535 HElNRlCl
681 460 959 536 CHRONlCON
986 460 1242 534 LYVONlAE.

297 662 514 760 sectionem,
540 672 579 736 et
601 685 676 734 non
694 662 888 760 habentes,
916 687 988 759 que
1007 662 1222 748 necessaria
1241 662 1396 736 fuerunt

297 763 336 835 in
355 786 506 860 aunum,
534 762 722 859 simulque
741 762 1022 836 considerantes
1041 762 1338 860 Semigallorum
1356 773 1395 837 et
1523 805 1534 822 ..

297 863 499 936 Lettonum
519 887 691 936 necnon
718 872 756 936 et
775 863 968 936 Curonum
998 863 1236 937 ferocitatem
1262 873 1393 936 contra

299 987 437 1038 nomen
455 963 715 1059 christianum,
733 974 977 1037 surrexerunt
994 988 1081 1036 cunr
1100 964 1274 1036 omnibus
1300 963 1392 1060 suis,

299 1074 337 1138 et
353 1063 485 1138 relicto
505 1074 630 1137 castro
658 1061 829 1138 abierunt
847 1063 885 1135 in
904 1063 1048 1160 Rigam.
1085 1061 1283 1162 Semigalli
1303 1087 1391 1136 vero
1532 1147 1534 1156 ,

297 1166 373 1237 iam
389 1164 563 1262 baptizati
578 1163 838 1260 recidivantes,
854 1174 1179 1237 sacramentorum
1198 1174 1395 1261 suscepto·
1530 1157 1534 1244 ἦ

298 1290 383 1337 rum
409 1265 652 1339 immemores
679 1263 764 1336 aliis
791 1263 1008 1362 Semigallis
1035 1287 1077 1337 se
1105 1264 1393 1359 coniunxerunt,

299 1376 337 1439 et
361 1390 447 1438 curn
472 1365 526 1438 eis
546 1375 585 1438 et
601 1363 805 1437 Letonibus
824 1365 1083 1461 conspirantes
1103 1376 1200 1438 etse
1219 1366 1393 1438 confede-

299 1475 427 1537 rantes
453 1475 584 1537 contra
611 1463 794 1561 Rigenses
822 1473 860 1538 et
885 1464 1058 1560 Lyvones
1082 1476 1121 1538 et
1147 1488 1279 1537 omnes
1298 1464 1396 1537 chri-

298 1565 453 1638 stianos.
504 1565 551 1636 Et
582 1574 905 1662 congrevaverunt
930 1588 972 1638 se
1002 1564 1116 1637 simul
1140 1588 1286 1663 omneS,
1313 1575 1393 1654 tam

299 1665 419 1737 adhuc
449 1664 601 1764 pagani,
628 1689 739 1761 quarn
766 1664 964 1762 baptizati,
994 1665 1031 1736 in
1058 1665 1184 1764 ipsum
1210 1675 1392 1760 castrum,

297 1765 483 1839 fodientes
510 1765 602 1837 illud
629 1775 668 1838 et
686 1763 902 1838 edificantes
926 1765 1174 1839 munitionem
1193 1765 1313 1862 ipsius
1331 1764 1393 1837 fir·

297 1865 480 1962 missime,
508 1877 545 1939 et
563 1874 696 1939 euntes
714 1865 751 1936 in
775 1865 1052 1961 expeditionem
1070 1875 1200 1938 contra
1218 1866 1394 1961 Lyvones

297 1966 536 2062 Holmenses,
563 1975 744 2064 ceperunt
763 1965 933 2038 occidere
962 1976 999 2039 et
1017 1966 1183 2063 spoliare
1201 1989 1278 2040 eos.
1321 1965 1394 2061 Ly·

297 2090 415 2139 venes
453 2090 602 2162 quoque
632 2065 815 2138 intrantes
846 2066 1028 2138 terminos
1060 2091 1211 2161 eorum,
1252 2065 1392 2138 similia

258 2250 260 2259 Ι
297 2167 398 2239 mala
427 2164 481 2239 eis
507 2165 728 2240 inferebant.
778 2166 824 2238 Et
850 2166 990 2239 audivit
1020 2167 1219 2265 episcopus
1250 2176 1289 2239 et
1318 2167 1393 2238 dux

298 2265 459 2339 Saxonic
490 2267 665 2340 Albertus
695 2289 850 2338 suorum
876 2266 1177 2341 interfectionem
1204 2276 1241 2340 et
1266 2267 1393 2340 omnia

296 2365 409 2462 mala,
438 2391 510 2462 que
533 2365 721 2439 faciebant
745 2365 956 2465 Semigalli,
983 2366 1087 2440 misit
1105 2368 1150 2440 ad
1170 2390 1304 2440 omnes
1321 2367 1392 2463 Ly-

296 2489 413 2540 vones
441 2476 479 2540 et
503 2466 646 2561 Lettos,
673 2465 856 2538 mandans
885 2467 951 2561 eiS,
979 2477 1020 2539 ut
1046 2477 1174 2542 essent
1197 2467 1333 2565 parati,
1359 2467 1391 2539 si

297 2566 445 2663 quando
473 2565 654 2639 Dominus
681 2589 905 2664 prosperum
925 2568 1146 2641 concederet
1163 2566 1246 2664 iter',
1274 2568 1320 2640 ad
1338 2568 1393 2639 fa·
1494 2624 1497 2632 f
1532 2615 1534 2640 2

297 2666 468 2740 ciendam
486 2666 688 2741 vindictam
707 2666 744 2738 in
763 2666 985 2740 nationibus.
1304 2675 1308 2682 '

237 2781 286 2867 (5.)
372 2766 520 2862 lnterea
545 2766 644 2840 Letti
671 2767 716 2840 de
741 2765 944 2861 Kukenoys
970 2777 1009 2840 et
1033 2767 1096 2840 alii
1121 2767 1274 2864 quidam
1291 2765 1390 2841 Letti
1468 2802 1471 2810 ·

295 2867 455 2938 fratrum
482 2865 634 2964 milicie,
660 2866 810 2941 Meluke
839 2877 877 2940 et
894 2867 1142 2964 Warigribbe,
1167 2891 1241 2939 non
1260 2867 1391 2942 imme·

297 2989 424 3038 mores
451 2965 622 3038 omnium
647 2967 854 3062 malorum,
881 2992 953 3063 que
979 2968 1140 3041 Rutheni
1173 2968 1219 3041 de
1245 2966 1391 3042 Plesce·
1533 3055 1534 3058 Ἴ

295 3065 403 3138 kowe
418 3075 456 3138 et
467 3065 733 3163 Nogardenses
752 3090 850 3138 anno
870 3067 1049 3164 preterito
1071 3068 1107 3139 in
1121 3067 1289 3162 Lyvonia
1307 3092 1391 3166 per·
1477 3151 1479 3154 ,

295 3174 553 3262 petraverant,
586 3164 756 3238 abierunt
779 3165 817 3237 in
844 3166 1038 3264 Rosciam,
1075 3179 1112 3242 et
1139 3168 1390 3266 depredantes

295 3263 418 3360 villae,
438 3275 476 3338 et
488 3264 590 3338 viros
604 3263 885 3362 interficientes,
900 3277 938 3340 et
951 3267 1130 3342 mulieres
1144 3267 1390 3366 captivantes,

297 3389 450 3439 omnem
475 3375 618 3438 terram
644 3365 743 3440 circa
771 3365 1009 3440 Plescekowe
1036 3367 1224 3441 desertam
1254 3392 1391 3466 posue·

294 3475 398 3563 runt,
431 3475 469 3538 et
501 3466 744 3539 redeuntibus
776 3465 851 3538 illis
885 3466 947 3546 alii
979 3467 1151 3541 abierunt
1183 3479 1220 3542 et
1251 3467 1406 3540 similia
1532 3485 1533 3488 ’

294 3565 395 3638 mala
417 3567 591 3640 fecerunt
614 3577 653 3639 et
669 3567 826 3664 predam
844 3568 1003 3640 multam
1022 3568 1315 3666 omnitempore
1333 3591 1390 3642 re-

188 3667 193 3678 '
295 3665 472 3739 tulerunt.
506 3667 565 3753 ¹Et
587 3665 841 3764 relinquentes
861 3677 985 3740 aratra
1004 3691 1073 3740 sua
1091 3677 1232 3742 terram
1250 3667 1388 3742 Ruthe·

294 3790 429 3839 norum
460 3766 692 3864 incolebant,
726 3766 946 3840 insidiantes
972 3767 1027 3842 eis
1051 3767 1088 3840 in
1116 3768 1261 3867 campis
1288 3769 1387 3844 etin

295 3865 398 3940 silvis
425 3877 464 3940 et
489 3867 526 3938 in
551 3866 665 3964 villis,
692 3877 872 3965 ceperunt
898 3877 936 3941 et
954 3867 1226 3943 interfecerunt
1243 3893 1322 3965 ece,
1350 3879 1388 3942 et

294 3965 438 4038 nullam
456 3967 624 4065 requiem
640 3968 770 4042 dantes
781 3967 848 4063 eis,
868 3991 983 4065 equos
998 3979 1035 4042 et
1049 3993 1187 4066 pecora
1206 3979 1244 4044 et
1256 3968 1389 4043 mulie·

295 4087 355 4138 res
384 4089 513 4138 eorum
542 4066 719 4139 tulerunt.
773 4065 936 4141 Rutheni
960 4093 1050 4142 vero
1076 4070 1122 4142 de
1147 4068 1387 4144 Plescekowe

295 4164 394 4240 circa
409 4175 657 4264 autumpnum
671 4166 1140 4268 collegeruntexercitum,
1154 4181 1193 4244 et
1204 4179 1387 4243 venerunt
