3016 5016
131 381 139 394 ’
285 504 287 510 ,
343 399 426 473 nv-
496 360 702 474 nennio
727 397 1001 474 canonicos
1026 397 1273 474 nivonnn.

241 619 243 624 ·
344 596 549 692 Lpoonibas
576 599 768 672 conversis
782 602 955 693 proferat
978 605 1109 674 auctor
1130 598 1239 673 baec:
1265 598 1327 674 Sic
1346 623 1430 696 ergo

344 697 493 772 Christo
511 709 672 773 vocante
685 723 785 798 gens
804 699 987 774 indomita
1006 711 1044 773 et
1056 715 1292 798 paganorum
1304 698 1432 773 ritibus

344 798 458 872 nimis
483 798 608 872 dedita
635 799 869 897 pedetentim
894 801 946 872 ad.
966 799 1098 898 iugum
1121 799 1434 875 Domini'ducitur

345 905 395 996 et,
421 895 564 974 relictis
591 898 816 997 gentilitatis
844 924 913 974 sue
939 900 1118 996 tenebris,
1144 925 1275 974 veram
1301 899 1433 995 lucem,

345 999 409 1098 qui
436 998 607 1073 Christus
635 1010 709 1094 est,
742 997 953 1098 perfidem
979 999 1161 1095 intuetur,
1197 998 1434 1093 interpolator

344 1121 484 1172 memor
510 1099 809 1188 Reformatorem
828 1102 1007 1194 principis
1032 1101 1149 1173 nostri
1175 1097 1277 1194 dicti,
1300 1101 1434 1188 effecit:

372 1224 413 1273 er
431 1198 574 1273 solam
592 1197 707 1272 tidem
726 1199 902 1274 intuetur.
942 1197 1043 1272 Unde
1059 1205 1182 1272 entem
1198 1197 1435 1294 interpolator

344 1225 511 1372 boaserit
532 1322 587 1392 co,
613 1321 707 1396 qaae
725 1297 777 1371 ad
793 1300 840 1394 11,
859 1303 882 1374 6
902 1298 947 1372 de
963 1306 1081 1373 morte
1097 1298 1263 1374 Bertoldi
1280 1296 1436 1394 episcopi

346 1421 424 1473 nno
440 1421 521 1472 cam
539 1397 598 1471 dic
615 1398 812 1472 emortuali
828 1405 865 1473 et
879 1421 997 1494 occsa,
1023 1421 1118 1497 qaae
1139 1396 1191 1472 acl
1207 1398 1333 1496 XXIX,
1352 1401 1374 1473 9
1392 1397 1438 1504 dc

345 1498 612 1573 mercatoribus
628 1497 894 1592 Bremensibns,
918 1505 1003 1572 ante
1020 1501 1068 1573 67
1087 1522 1205 1574 annos
1218 1503 1435 1594 praeteritos

341 1607 477 1694 portas
501 1599 673 1693 huronici
697 1599 963 1693 inventoribus,
991 1601 1120 1696 affert,
1145 1602 1288 1694 nescio‚·
1315 1622 1435 1673 omncs

333 1699 508 1797 ··reliqaac
531 1698 832 1794 interpolationes
854 1698 948 1772 nibil
974 1698 1111 1795 dicant,
1137 1698 1247 1773 verbo
1273 1702 1435 1774 aectoris

346 1806 495 1874 mutant
512 1798 770 1897 ampliantqae,
797 1801 830 1874 si
846 1821 919 1872 non
938 1798 1145 1896 corripendi
1160 1799 1216 1874 ael
1232 1798 1437 1894 replicandi

348 1906 485 1974 conata
502 1922 546 1972 co
560 1922 719 1996 prorsas
736 1901 941 1995 corripiant
956 1897 1171 1996 aliquando.
1211 1900 1313 1994 Opas
1329 1902 1437 1996 ipitar

346 2023 421 2073 non
438 2005 521 2073 erat
534 1999 603 2074 bas
620 2021 739 2096 napos
756 2005 913 2095 repetere
930 2001 967 2073 in
986 1998 1141 2073 editione
1156 1999 1238 2096 boc,
1264 2023 1308 2074 ne
1330 2000 1438 2073 lecto·

333 2100 448 2176 ‘ribus
465 2103 597 2172 iterem
614 2123 659 2173 cc
675 2106 859 2195 notarum,
878 2123 972 2197 qnos
989 2098 1145 2173 dicimos
1158 2103 1318 2195 criticas,
1337 2098 1438 2173 aber-

346 2207 683 2370 totebpcneroretar
707 2198 912 2289 fastidiam.
934 2241 980 2256 -
1021 2198 1300 2274 secernamus
1317 2199 1362 2274 de
1380 2224 1438 2273 co·

346 2299 421 2375 dici
442 2313 497 2374 ris.
773 2363 775 2366 .
1438 2341 1442 2348 ·

423 2403 457 2473 4.
502 2399 652 2474 Codes
688 2398 1008 2474 bibliothecae
1041 2399 1439 2494 Hannooeronae‚

347 2503 385 2574 in
398 2500 492 2592 folio
505 2503 649 2595 minori,
663 2502 831 2596 sipnatns
844 2500 1006 2596 xxxta,
1023 2505 1131 2595 1746,
1147 2501 1233 2575 olim
1251 2505 1316 2578 191
1333 2500 1442 2589 folio·

347 2624 442 2694 ram,
468 2624 624 2697 qaorum
650 2623 747 2673 nnnc
772 2598 867 2688 folia
897 2602 1106 2676 149-156
1130 2600 1319 2697 deperdita
1343 2607 1441 2675 srcnt.

349 2699 517 2795 Scriptus
535 2707 677 2774 estnon
694 2706 781 2784 onte
798 2703 904 2789 finem
921 2699 1060 2773 saccali
1076 2700 1167 2774 XVI.
1197 2701 1255 2774 Ec
1267 2701 1335 2776 boc
1350 2701 1444 2775 Gra·

348 2799 427 2874 beri
449 2800 553 2885 llarit
575 2799 704 2896 editio,
739 2820 850 2896 quom
880 2799 1028 2874 obrem
1054 2803 1091 2872 in
1117 2823 1160 2873 ec
1187 2799 1455 2874 desiderantur

348 2899 474 2995 XXIV,
492 2903 516 2974 5
535 2900 640 2996 [Post
653 2901 845 2974 modicum
857 2924 949 2973 vero
959 2899 1147 2998 'temporis
1161 2900 1274 2975 rediit
1288 2899 1444 2996 iterum]

350 3002 451 3075 idem
468 3000 721 3074 Theodericus
740 3000 918 3080 sacerdos
939 2999 976 3072 in
991 2999 1162 3074 Gerwam
1183 3013 1220 3074 et
1231 3000 1449 3076 Wironiarn

348 3123 463 3197 asqae
478 3099 531 3172 od
548 3098 655 3194 XXV,
674 3105 716 3177 5.-
742 3111 781 3174 et
799 3099 983 3174 cisternas
1003 3099 1101 3174 infra
1119 3101 1307 3175 fodientes
1326 3099 1447 3175 armis

350 3201 405 3297 [et
418 3199 563 3274 balistis
577 3199 820 3298 repleverunt
834 3200 929 3297 etc.].
956 3200 1135 3295 Explicit:
1151 3201 1253 3276 Finis
1267 3200 1447 3276 Chronici

349 3300 519 3374 Livonici
549 3299 701 3375 veteris.
763 3298 930 3374 Codiccm
961 3323 1059 3392 anno
1094 3304 1202 3378 1866.
1232 3301 1449 3376 Berolinnm

350 3402 500 3474 missam
518 3402 556 3474 in
573 3399 726 3473 oedibus
744 3398 977 3475 bttttomecoe
994 3404 1117 3498 repiae
1133 3403 1248 3476 evolvi
1264 3406 1350 3497 ipsc.

426 3505 461 3577 5.
499 3500 648 3575 Codes
674 3499 990 3581 bibliothecae
1016 3502 1221 3598 Ripensis
1246 3501 1311 3576 Nr.
1331 3503 1449 3597 2482,

351 3599 398 3674 ob
424 3600 585 3675 Iohanne
617 3601 721 3674 Wittc
752 3601 838 3675 olim
871 3601 1058 3676 tabulario
1085 3603 1231 3700 Ripensi
1256 3609 1451 3698 coarctas,

352 3700 492 3776 deinde
505 3701 728 3776 collectionis
755 3700 1197 3799 satiendas-Andreae,
1230 3709 1304 3777 tam
1333 3704 1374 3777 G.
1405 3702 1432 3776 d

357 3801 545 3898 tepescet,
571 3805 634 3900 qai
660 3825 741 3874 eam
760 3825 857 3875 anno
881 3806 987 3878 1816.
1007 3802 1105 3877 dono
1123 3802 1304 3892 offerebat
1319 3801 1435 3876 biblio

352 3901 476 3974 tbecac
494 3903 651 3998 Ripensi.
694 3902 763 3977 Est
784 3909 904 3976 autern
927 3903 1011 3992 folii
1027 3906 1192 4001 maioris,
1216 3903 1453 3978 chartaceus.

353 4001 555 4076 Cbronicon
575 4009 740 4076 nostram
751 4002 840 4076 'inde
858 4027 882 4075 a
896 4006 1038 4100 papiria
1057 4007 1130 4080 225
1149 4029 1261 4102 usqae
1277 4003 1331 4076 'od
1341 4006 1454 4098 papi-

350 4125 437 4176 nom
458 4104 531 4179 366
551 4106 740 4176 invenitur.
786 4105 826 4178 In
845 4107 913 4194 fine
931 4104 1098 4200 tepenter
1114 4105 1223 4180 boec:
1249 4105 1303 4177 Ex
1322 4129 1440 4178 exem
