3016 5016
347 501 396 576 26
491 493 704 575 HElNRlCl
732 492 1011 571 CHRONlCON
1036 492 1308 570 LYVONlAE.
1480 531 1482 572 ι

345 699 445 774 culle
471 722 492 771 a
521 698 681 772 duarum
703 695 855 772 urbium
879 693 1114 793 Lyvonibus,
1146 695 1404 771 Lenowarde
1431 627 1482 772 eti

344 799 532 874 Ykescole
533 796 785 911 ,gravissime
803 797 1038 871 infestantur.
1075 796 1254 885 Quorum
1271 796 1460 872 insultum
1478 771 1482 922 l

345 899 427 974 sine
457 923 596 997 magno
626 896 795 998 periculo
826 898 1030 972 evadentes
1059 898 1301 972 Ykescolam
1331 923 1461 998 perve

344 1001 471 1095 niunt,
498 1023 612 1098 quam
638 1000 770 1073 urbem
795 997 1053 1072 firmissimam
1081 1009 1294 1073 cernentes
1330 1010 1373 1074 et
1403 1025 1457 1074 va·

344 1125 468 1216 cuam,
500 1099 688 1214 qnondam
718 1101 764 1174 ab
791 1097 970 1198 episcopo
990 1099 1193 1195 Meynardo
1217 1099 1457 1195 edificatam,

342 1202 466 1282 visum
492 1211 551 1275 est
577 1201 631 1275 eis
656 1199 830 1296 indignos
853 1223 939 1274 esse
965 1209 1071 1273 tanta
1094 1198 1399 1297 munitioneLy
1401 1225 1456 1275 vo·

343 1326 424 1400 nes,
452 1325 515 1400 qur
506 1299 622 1375 licet
638 1299 829 1398 baptizati,
851 1309 978 1374 tamen
997 1299 1043 1374 ad
1061 1298 1135 1372 hoc
1153 1301 1332 1375 rebelles
1353 1309 1456 1375 erant

344 1413 382 1477 et
395 1401 589 1475 increduli.
617 1400 664 1472 Et
677 1401 725 1473 ob
739 1400 837 1473 hanc
851 1423 1005 1473 causam
1020 1400 1215 1474 mittentes
1228 1401 1452 1476 Conradum

343 1502 381 1576 in
400 1500 570 1576 beneficii
589 1500 758 1574 eiusdem
776 1500 1072 1614 possessionem,
1099 1500 1134 1575 ei
1158 1526 1204 1575 ex
1234 1501 1452 1602 peregrinis

343 1603 559 1700 relinquunt
577 1600 813 1699 quosdam
778 1625 879 1675 vrros
897 1601 1015 1675 fortes
1035 1609 1073 1676 et
1091 1601 1136 1674 ad
1155 1602 1260 1676 bella
1281 1613 1449 1701 paratos.

343 1703 385 1777 In
403 1704 591 1777 frumento
610 1700 724 1775 etiam
743 1725 777 1775 er
768 1700 993 1799 providere
1008 1701 1221 1799 volenteS,
1210 1727 1253 1775 ιιι
1270 1727 1451 1816 prepara·

343 1805 485 1878 tionem
513 1827 653 1902 pugne,
681 1810 832 1900 segetes
855 1801 1088 1898 Lyvonum
1078 1827 1155 1875 ram
1173 1813 1358 1877 maturas
1378 1801 1449 1902 qui·

344 1905 431 1978 dam
445 1903 604 1977 falcibus
619 1901 769 2000 quidam
783 1901 917 2001 gladiis
933 1903 1139 1976 succidunt.
1171 1903 1262 1976 Non
1276 1906 1447 1979 valentes

344 2015 472 2079 autem
489 2004 705 2101 frequentes
723 2027 961 2102 paganorum
979 2001 1132 2076 insidias
1151 2004 1365 2101 sustinere,
1397 2027 1446 2078 ar·

344 2105 436 2178 mati
455 2127 587 2179 omnes
605 2113 752 2177 metunt
770 2113 934 2202 segetes,
962 2114 1000 2180 et
1026 2103 1182 2202 impleta
1210 2109 1312 2182 urbe
1334 2127 1446 2202 usque

343 2207 391 2278 ad
409 2229 612 2300 summum,
631 2203 792 2276 domnus
811 2203 1008 2302 episcopus
1027 2205 1074 2278 de
1092 2204 1158 2277 tali
1170 2204 1278 2304 facto
1298 2205 1445 2301 exhyla-

343 2315 449 2380 ratus
468 2304 517 2377 ibi
536 2316 774 2379 remanentes
788 2304 869 2379 Deo
885 2304 1124 2378 commendat
1143 2315 1288 2380 etcum
1304 2306 1442 2403 reliqua

343 2405 631 2506 peregrinorum
649 2404 791 2478 milicia
807 2404 941 2503 Rigam
960 2404 1165 2479 descendit.

263 2523 336 2607 (12)
421 2506 607 2581 Posthac
633 2505 736 2580 brevi
762 2515 951 2580 transacto
973 2516 1159 2604 tempore,
1185 2506 1384 2606 peregrim
1376 2503 1441 2575 de

347 2616 471 2682 castro
490 2606 678 2680 Ykescola
697 2615 877 2680 exeuntes
899 2630 969 2704 pro
996 2606 1211 2721 colligenda
1235 2631 1399 2701 annona,
1422 2627 1440 2676 a

344 2706 559 2804 Lyvonibus
583 2705 879 2780 insidiantibus
869 2732 907 2779 m
934 2706 1038 2780 silvis
1065 2705 1181 2781 occisi
1203 2719 1298 2782 sunt
1316 2709 1439 2781 decern

345 2819 383 2882 et
400 2818 546 2907 septem
566 2807 697 2906 exeis,
723 2831 885 2921 quorum
904 2807 1088 2904 quosdam
1114 2807 1184 2881 diis
1202 2807 1286 2881 suis
1312 2807 1439 2880 immo·

345 2908 467 3004 lantes
495 2908 638 2982 crudeli
661 2862 831 2981 niartirio
858 2905 1137 2982 interfecerunt.
1200 2908 1283 2983 Nec
1316 2919 1437 2981 tamen

344 3008 415 3083 hec
443 3019 480 3084 et
502 3007 575 3082 hiis
594 3007 732 3082 similia
758 3006 976 3082 facientes
966 3007 1108 3082 mimici
1135 3033 1156 3081 a
1182 3005 1437 3106 predicatione

343 3109 447 3184 verbi
477 3109 547 3184 llei
582 3107 876 3183 christianorum
910 3107 1142 3182 obstruunt
1135 3133 1269 3207 voces,
1310 3127 1435 3184 verum

344 3209 466 3284 eciam
482 3235 552 3309 por
569 3208 800 3284 incrementa
818 3207 907 3282 fidei
929 3209 1175 3324 conspiciunt,
1203 3234 1270 3284 eos
1289 3196 1435 3320 cottidie

342 3320 421 3385 tam
439 3309 633 3424 preliando
654 3334 767 3407 quam
790 3307 1015 3408 predicando
1035 3309 1157 3409 magis
1176 3335 1221 3384 ac
1245 3309 1371 3410 magis
1388 3305 1435 3378 in·

260 3409 678 3527 (13.)valescere.Hinc
696 3421 755 3484 est
767 3411 866 3508 quod
881 3409 1006 3484 animo
1022 3411 1324 3508 consternatiLy
1326 3425 1434 3485 vones

343 3535 475 3587 omnes
501 3511 600 3586 circa
627 3510 777 3583 Dunam
802 3510 1034 3625 habitantes,
1066 3510 1105 3583 in
1132 3522 1260 3586 mente
1292 3440 1432 3585 confusi

344 3611 440 3686 datis
467 3611 657 3686 obsidibus
684 3611 832 3685 domno
842 3610 1019 3726 episcopo
1039 3622 1078 3686 et
1094 3611 1230 3687 ceteris
1250 3607 1432 3686 Theutho·

296 3725 298 3730 ’
343 3711 437 3786 nicis
463 3711 773 3809 reconciliantur,
805 3723 843 3786 et
867 3711 931 3811 qui
957 3709 1079 3786 adhuc
1106 3738 1152 3787 ex
1178 3711 1271 3811 ipsis
1298 3701 1430 3821 pagani

342 3815 494 3889 fuerunt
519 3811 701 3912 baptizari
728 3836 770 3888 se
793 3812 1030 3912 pollicentur.
1084 3812 1146 3887 Sic
1171 3837 1262 3911 ergo
1289 3808 1430 3886 Christo

343 3922 502 3987 vocante
526 3937 620 4011 gens
644 3913 825 3987 indomita
852 3924 890 3988 et
916 3937 1154 4013 paganorum
1171 3912 1305 3986 ritibus
1323 3903 1428 3982 nimis

342 4013 464 4087 dedita
495 4013 684 4112 pedetent
675 4038 726 4087 rm
757 4014 858 4088 ad
848 4038 981 4114 rugum
1011 4013 1162 4087 Domini
1194 4013 1426 4114 ducitur,
1396 4012 1430 4078 et

340 4112 481 4188 relictis
511 4114 660 4213 gentilit
645 4114 732 4188 tatis
764 4139 832 4188 sue
862 4113 1028 4189 tenebris
1053 4140 1183 4190 veram
1208 4115 1344 4226 lucem,
1370 4100 1427 4204 qui

340 4214 512 4290 Christus
538 4226 608 4315 est,
639 4240 708 4314 per
731 4215 844 4290 fidem
864 4214 1039 4289 intuetur.
1084 4217 1189 4292 Unde
1211 4239 1287 4291 non
1306 4211 1428 4284 imme·
