<?xml version="1.0" encoding="UTF-8"?>
<!DOCTYPE html PUBLIC "-//W3C//DTD XHTML 1.0 Transitional//EN"
    "http://www.w3.org/TR/xhtml1/DTD/xhtml1-transitional.dtd">
<html xmlns="http://www.w3.org/1999/xhtml" xml:lang="en" lang="en">
 <head>
  <title>
</title>
<meta http-equiv="Content-Type" content="text/html;charset=utf-8" />
  <meta name='ocr-system' content='tesseract 3.04.00' />
  <meta name='ocr-capabilities' content='ocr_page ocr_carea ocr_par ocr_line ocrx_word'/>
</head>
<body>
  <div class='ocr_page' id='page_1' title='image "./heinricichronic00arndgoog_0049.png"; bbox 0 0 3016 5016; ppageno 0'>
   <div class='ocr_carea' id='block_1_1' title="bbox 242 465 1184 566">
    <p class='ocr_par' dir='ltr' id='par_1_1' title="bbox 242 465 1184 566">
     <span class='ocr_line' id='line_1_1' title="bbox 242 465 1184 566; baseline 0.006 -6"><span class='ocrx_word' id='word_1_1' title='bbox 242 485 457 562; x_wconf 82' lang='lat' dir='ltr'>nummu</span> <span class='ocrx_word' id='word_1_2' title='bbox 484 485 763 565; x_wconf 83' lang='lat' dir='ltr'>cnnourcon</span> <span class='ocrx_word' id='word_1_3' title='bbox 788 465 1039 564; x_wconf 81' lang='lat' dir='ltr'>nrvounn.</span> <span class='ocrx_word' id='word_1_4' title='bbox 1138 493 1184 566; x_wconf 67' lang='grc' dir='ltr'>ιι</span> 
     </span>
    </p>
   </div>
   <div class='ocr_carea' id='block_1_2' title="bbox 10 687 1244 4306">
    <p class='ocr_par' dir='ltr' id='par_1_2' title="bbox 10 687 1244 4306">
     <span class='ocr_line' id='line_1_2' title="bbox 88 687 1187 788; baseline 0.003 -27.735"><span class='ocrx_word' id='word_1_5' title='bbox 88 687 405 764; x_wconf 79' lang='lat' dir='ltr'>descendentibus</span> <span class='ocrx_word' id='word_1_6' title='bbox 433 699 470 762; x_wconf 88' lang='lat' dir='ltr'>et</span> <span class='ocrx_word' id='word_1_7' title='bbox 497 689 729 764; x_wconf 87' lang='lat' dir='ltr'>civitatemt</span> <span class='ocrx_word' id='word_1_8' title='bbox 714 700 894 764; x_wconf 90' lang='lat' dir='ltr'>transeun</span> <span class='ocrx_word' id='word_1_9' title='bbox 896 690 1008 788; x_wconf 80' lang='lat' dir='ltr'>tibus,</span> <span class='ocrx_word' id='word_1_10' title='bbox 1035 691 1187 788; x_wconf 91' lang='lat' dir='ltr'>quidam</span> 
     </span>
     <span class='ocr_line' id='line_1_3' title="bbox 89 789 1186 906; baseline 0.003 -42.798"><span class='ocrx_word' id='word_1_11' title='bbox 89 816 137 864; x_wconf 86' lang='lat' dir='ltr'>ex</span> <span class='ocrx_word' id='word_1_12' title='bbox 154 789 259 888; x_wconf 71' lang='lat' dir='ltr'>ipsis,</span> <span class='ocrx_word' id='word_1_13' title='bbox 286 789 401 861; x_wconf 89' lang='lat' dir='ltr'>homo</span> <span class='ocrx_word' id='word_1_14' title='bbox 422 790 524 864; x_wconf 89' lang='lat' dir='ltr'>dives</span> <span class='ocrx_word' id='word_1_15' title='bbox 545 800 582 864; x_wconf 90' lang='lat' dir='ltr'>et</span> <span class='ocrx_word' id='word_1_16' title='bbox 601 801 802 904; x_wconf 90' lang='lat' dir='ltr'>prepotens</span> <span class='ocrx_word' id='word_1_17' title='bbox 821 791 1003 888; x_wconf 81' lang='lat' dir='ltr'>Suelgate</span> <span class='ocrx_word' id='word_1_18' title='bbox 1021 791 1186 906; x_wconf 71' lang='lat' dir='ltr'>nornine,</span> 
     </span>
     <span class='ocr_line' id='line_1_4' title="bbox 89 889 1188 966; baseline 0.002 -1.866"><span class='ocrx_word' id='word_1_19' title='bbox 89 915 178 964; x_wconf 88' lang='lat' dir='ltr'>cum</span> <span class='ocrx_word' id='word_1_20' title='bbox 197 889 275 962; x_wconf 90' lang='lat' dir='ltr'>suis</span> <span class='ocrx_word' id='word_1_21' title='bbox 295 889 487 962; x_wconf 84' lang='lat' dir='ltr'>sodalibus</span> <span class='ocrx_word' id='word_1_22' title='bbox 515 891 561 962; x_wconf 93' lang='lat' dir='ltr'>ad</span> <span class='ocrx_word' id='word_1_23' title='bbox 586 890 774 965; x_wconf 84' lang='lat' dir='ltr'>civitatem</span> <span class='ocrx_word' id='word_1_24' title='bbox 795 891 953 966; x_wconf 79' lang='lat' dir='ltr'>divertit.</span> <span class='ocrx_word' id='word_1_25' title='bbox 1003 892 1100 966; x_wconf 90' lang='lat' dir='ltr'>Cui</span> <span class='ocrx_word' id='word_1_26' title='bbox 1090 904 1188 966; x_wconf 82' lang='lat' dir='ltr'>inter</span> 
     </span>
     <span class='ocr_line' id='line_1_5' title="bbox 89 985 1186 1090; baseline 0.002 -26.866"><span class='ocrx_word' id='word_1_27' title='bbox 89 991 188 1064; x_wconf 89' lang='lat' dir='ltr'>alios</span> <span class='ocrx_word' id='word_1_28' title='bbox 213 989 316 1063; x_wconf 90' lang='lat' dir='ltr'>viros</span> <span class='ocrx_word' id='word_1_29' title='bbox 342 991 388 1064; x_wconf 88' lang='lat' dir='ltr'>de</span> <span class='ocrx_word' id='word_1_30' title='bbox 415 990 485 1063; x_wconf 90' lang='lat' dir='ltr'>civi</span> <span class='ocrx_word' id='word_1_31' title='bbox 487 999 565 1068; x_wconf 84' lang='lat' dir='ltr'>tate</span> <span class='ocrx_word' id='word_1_32' title='bbox 595 1015 682 1063; x_wconf 89' lang='lat' dir='ltr'>cum</span> <span class='ocrx_word' id='word_1_33' title='bbox 710 1016 804 1090; x_wconf 86' lang='lat' dir='ltr'>pace</span> <span class='ocrx_word' id='word_1_34' title='bbox 831 985 998 1066; x_wconf 90' lang='lat' dir='ltr'>obviam</span> <span class='ocrx_word' id='word_1_35' title='bbox 1006 1005 1186 1067; x_wconf 86' lang='lat' dir='ltr'>exeuntes</span> 
     </span>
     <span class='ocr_line' id='line_1_6' title="bbox 10 1089 1185 1193; baseline 0.002 -30"><span class='ocrx_word' id='word_1_36' title='bbox 10 1097 14 1180; x_wconf 68' lang='lat' dir='ltr'>{f</span> <span class='ocrx_word' id='word_1_37' title='bbox 90 1114 188 1163; x_wconf 92' lang='lat' dir='ltr'>unus</span> <span class='ocrx_word' id='word_1_38' title='bbox 203 1116 249 1164; x_wconf 87' lang='lat' dir='ltr'>ex</span> <span class='ocrx_word' id='word_1_39' title='bbox 263 1089 405 1164; x_wconf 85' lang='lat' dir='ltr'>civibus</span> <span class='ocrx_word' id='word_1_40' title='bbox 421 1091 573 1164; x_wconf 91' lang='lat' dir='ltr'>nomine</span> <span class='ocrx_word' id='word_1_41' title='bbox 584 1091 765 1164; x_wconf 85' lang='lat' dir='ltr'>Martinus</span> <span class='ocrx_word' id='word_1_42' title='bbox 781 1092 826 1164; x_wconf 90' lang='lat' dir='ltr'>ad</span> <span class='ocrx_word' id='word_1_43' title='bbox 842 1093 1121 1166; x_wconf 89' lang='lat' dir='ltr'>bibendumt</span> <span class='ocrx_word' id='word_1_44' title='bbox 1057 1119 1103 1193; x_wconf 95' lang='lat' dir='ltr'>po</span> <span class='ocrx_word' id='word_1_45' title='bbox 1106 1104 1185 1165; x_wconf 90' lang='lat' dir='ltr'>turn</span> 
     </span>
     <span class='ocr_line' id='line_1_7' title="bbox 87 1191 1186 1305; baseline 0.002 -40.869"><span class='ocrx_word' id='word_1_46' title='bbox 87 1191 278 1264; x_wconf 89' lang='lat' dir='ltr'>mellitum</span> <span class='ocrx_word' id='word_1_47' title='bbox 294 1194 448 1305; x_wconf 80' lang='lat' dir='ltr'>prebet,</span> <span class='ocrx_word' id='word_1_48' title='bbox 456 1216 528 1288; x_wconf 94' lang='lat' dir='ltr'>quo</span> <span class='ocrx_word' id='word_1_49' title='bbox 543 1192 725 1265; x_wconf 88' lang='lat' dir='ltr'>exhausto</span> <span class='ocrx_word' id='word_1_50' title='bbox 743 1192 948 1266; x_wconf 87' lang='lat' dir='ltr'>exercitum</span> <span class='ocrx_word' id='word_1_51' title='bbox 964 1204 1186 1292; x_wconf 86' lang='lat' dir='ltr'>preeuntem</span> 
     </span>
     <span class='ocr_line' id='line_1_8' title="bbox 10 1289 1186 1388; baseline 0.003 -26"><span class='ocrx_word' id='word_1_52' title='bbox 10 1331 13 1362; x_wconf 63' lang='grc' dir='ltr'>ι</span> <span class='ocrx_word' id='word_1_53' title='bbox 87 1289 301 1388; x_wconf 83' lang='lat' dir='ltr'>insequitur</span> <span class='ocrx_word' id='word_1_54' title='bbox 319 1301 357 1364; x_wconf 87' lang='lat' dir='ltr'>ot</span> <span class='ocrx_word' id='word_1_55' title='bbox 371 1293 495 1364; x_wconf 88' lang='lat' dir='ltr'>socios</span> <span class='ocrx_word' id='word_1_56' title='bbox 509 1315 600 1364; x_wconf 94' lang='lat' dir='ltr'>suos</span> <span class='ocrx_word' id='word_1_57' title='bbox 620 1292 674 1365; x_wconf 92' lang='lat' dir='ltr'>sic</span> <span class='ocrx_word' id='word_1_58' title='bbox 690 1292 908 1388; x_wconf 85' lang='lat' dir='ltr'>alloquitur:</span> <span class='ocrx_word' id='word_1_59' title='bbox 934 1293 1062 1367; x_wconf 84' lang='lat' dir='ltr'>Nonne</span> <span class='ocrx_word' id='word_1_60' title='bbox 1077 1293 1186 1366; x_wconf 80' lang='lat' dir='ltr'>lben·</span> 
     </span>
     <span class='ocr_line' id='line_1_9' title="bbox 10 1391 1185 1489; baseline 0.002 -25"><span class='ocrx_word' id='word_1_61' title='bbox 10 1423 12 1485; x_wconf 71' lang='lat' dir='ltr'><strong>j</strong></span> <span class='ocrx_word' id='word_1_62' title='bbox 88 1391 333 1486; x_wconf 78' lang='lat' dir='ltr'>thonicorum,</span> <span class='ocrx_word' id='word_1_63' title='bbox 347 1392 453 1466; x_wconf 77' lang='lat' dir='ltr'>nobis</span> <span class='ocrx_word' id='word_1_64' title='bbox 465 1391 652 1465; x_wconf 85' lang='lat' dir='ltr'>medonem</span> <span class='ocrx_word' id='word_1_65' title='bbox 660 1393 905 1489; x_wconf 81' lang='lat' dir='ltr'>prebencium,</span> <span class='ocrx_word' id='word_1_66' title='bbox 920 1401 954 1466; x_wconf 82' lang='lat' dir='ltr'>tr</span> <span class='ocrx_word' id='word_1_67' title='bbox 955 1393 1185 1489; x_wconf 77' lang='lat' dir='ltr'>epiduncium</span> 
     </span>
     <span class='ocr_line' id='line_1_10' title="bbox 88 1490 1185 1590; baseline 0 -22"><span class='ocrx_word' id='word_1_68' title='bbox 88 1515 224 1564; x_wconf 81' lang='lat' dir='ltr'>munus</span> <span class='ocrx_word' id='word_1_69' title='bbox 240 1490 407 1564; x_wconf 72' lang='lat' dir='ltr'>vidistis?</span> <span class='ocrx_word' id='word_1_70' title='bbox 434 1490 577 1566; x_wconf 56' lang='lat' dir='ltr'>&gt;diluent</span> <span class='ocrx_word' id='word_1_71' title='bbox 562 1500 638 1565; x_wconf 91' lang='lat' dir='ltr'>tum</span> <span class='ocrx_word' id='word_1_72' title='bbox 655 1493 800 1590; x_wconf 81' lang='lat' dir='ltr'>quidem</span> <span class='ocrx_word' id='word_1_73' title='bbox 816 1501 983 1568; x_wconf 83' lang='lat' dir='ltr'>nostrum</span> <span class='ocrx_word' id='word_1_74' title='bbox 1001 1497 1108 1582; x_wconf 81' lang='lat' dir='ltr'>fumo</span> <span class='ocrx_word' id='word_1_75' title='bbox 1124 1519 1185 1568; x_wconf 87' lang='lat' dir='ltr'>co·</span> 
     </span>
     <span class='ocr_line' id='line_1_11' title="bbox 88 1591 1186 1690; baseline 0 -24"><span class='ocrx_word' id='word_1_76' title='bbox 88 1593 191 1666; x_wconf 83' lang='lat' dir='ltr'>lente</span> <span class='ocrx_word' id='word_1_77' title='bbox 203 1599 448 1687; x_wconf 80' lang='lat' dir='ltr'>copnoveront</span> <span class='ocrx_word' id='word_1_78' title='bbox 461 1599 494 1666; x_wconf 86' lang='lat' dir='ltr'>et</span> <span class='ocrx_word' id='word_1_79' title='bbox 507 1591 589 1667; x_wconf 84' lang='lat' dir='ltr'>ideo</span> <span class='ocrx_word' id='word_1_80' title='bbox 604 1595 732 1666; x_wconf 84' lang='lat' dir='ltr'>timore</span> <span class='ocrx_word' id='word_1_81' title='bbox 745 1597 924 1688; x_wconf 81' lang='lat' dir='ltr'>concussi,</span> <span class='ocrx_word' id='word_1_82' title='bbox 944 1595 1065 1668; x_wconf 85' lang='lat' dir='ltr'>adbuc</span> <span class='ocrx_word' id='word_1_83' title='bbox 1079 1597 1186 1690; x_wconf 84' lang='lat' dir='ltr'>trepi-</span> 
     </span>
     <span class='ocr_line' id='line_1_12' title="bbox 10 1691 1185 1790; baseline 0.004 -26"><span class='ocrx_word' id='word_1_84' title='bbox 10 1743 14 1790; x_wconf 42' lang='grc' dir='ltr'><strong><em>ς</em></strong></span> <span class='ocrx_word' id='word_1_85' title='bbox 88 1692 185 1765; x_wconf 83' lang='lat' dir='ltr'>dure</span> <span class='ocrx_word' id='word_1_86' title='bbox 201 1717 273 1766; x_wconf 90' lang='lat' dir='ltr'>non</span> <span class='ocrx_word' id='word_1_87' title='bbox 291 1699 444 1766; x_wconf 82' lang='lat' dir='ltr'>cessent.</span> <span class='ocrx_word' id='word_1_88' title='bbox 487 1691 544 1764; x_wconf 80' lang='lat' dir='ltr'>Ad</span> <span class='ocrx_word' id='word_1_89' title='bbox 560 1717 707 1786; x_wconf 77' lang='lat' dir='ltr'>presens</span> <span class='ocrx_word' id='word_1_90' title='bbox 725 1719 811 1789; x_wconf 77' lang='lat' dir='ltr'>erqo</span> <span class='ocrx_word' id='word_1_91' title='bbox 830 1694 1010 1768; x_wconf 79' lang='lat' dir='ltr'>excidium</span> <span class='ocrx_word' id='word_1_92' title='bbox 1027 1698 1185 1770; x_wconf 81' lang='lat' dir='ltr'>civitatis</span> 
     </span>
     <span class='ocr_line' id='line_1_13' title="bbox 87 1792 1185 1893; baseline 0.002 -26.869"><span class='ocrx_word' id='word_1_93' title='bbox 87 1795 207 1888; x_wconf 81' lang='lat' dir='ltr'>ipsius</span> <span class='ocrx_word' id='word_1_94' title='bbox 237 1792 467 1889; x_wconf 79' lang='lat' dir='ltr'>differemus,</span> <span class='ocrx_word' id='word_1_95' title='bbox 503 1793 568 1867; x_wconf 83' lang='lat' dir='ltr'>sed</span> <span class='ocrx_word' id='word_1_96' title='bbox 596 1796 629 1867; x_wconf 82' lang='lat' dir='ltr'>si</span> <span class='ocrx_word' id='word_1_97' title='bbox 652 1801 779 1889; x_wconf 84' lang='lat' dir='ltr'>partes</span> <span class='ocrx_word' id='word_1_98' title='bbox 798 1794 857 1878; x_wconf 44' lang='lat' dir='ltr'>wud</span> <span class='ocrx_word' id='word_1_99' title='bbox 882 1819 976 1893; x_wconf 83' lang='lat' dir='ltr'>quus</span> <span class='ocrx_word' id='word_1_100' title='bbox 1004 1795 1185 1868; x_wconf 82' lang='lat' dir='ltr'>tendimus</span> 
     </span>
     <span class='ocr_line' id='line_1_14' title="bbox 86 1893 1184 1991; baseline 0.002 -23.871"><span class='ocrx_word' id='word_1_101' title='bbox 86 1895 293 1991; x_wconf 73' lang='lat' dir='ltr'>emorimur,</span> <span class='ocrx_word' id='word_1_102' title='bbox 311 1893 516 1968; x_wconf 83' lang='lat' dir='ltr'>bominibus</span> <span class='ocrx_word' id='word_1_103' title='bbox 534 1899 652 1990; x_wconf 82' lang='lat' dir='ltr'>captis</span> <span class='ocrx_word' id='word_1_104' title='bbox 670 1901 706 1968; x_wconf 89' lang='lat' dir='ltr'>et</span> <span class='ocrx_word' id='word_1_105' title='bbox 723 1898 851 1969; x_wconf 81' lang='lat' dir='ltr'>occisis</span> <span class='ocrx_word' id='word_1_106' title='bbox 875 1896 1002 1968; x_wconf 82' lang='lat' dir='ltr'>villum</span> <span class='ocrx_word' id='word_1_107' title='bbox 1019 1899 1184 1990; x_wconf 82' lang='lat' dir='ltr'>ipsorum</span> 
     </span>
     <span class='ocr_line' id='line_1_15' title="bbox 10 1995 1184 2092; baseline 0.004 -26"><span class='ocrx_word' id='word_1_108' title='bbox 10 1995 13 2092; x_wconf 73' lang='grc' dir='ltr'>ξ</span> <span class='ocrx_word' id='word_1_109' title='bbox 89 2001 298 2066; x_wconf 82' lang='lat' dir='ltr'>evertemus,</span> <span class='ocrx_word' id='word_1_110' title='bbox 340 1995 403 2066; x_wconf 82' lang='lat' dir='ltr'>Vin</span> <span class='ocrx_word' id='word_1_111' title='bbox 426 1997 520 2068; x_wconf 89' lang='lat' dir='ltr'>em&#39;m</span> <span class='ocrx_word' id='word_1_112' title='bbox 533 1995 654 2089; x_wconf 81' lang='lat' dir='ltr'>puluis</span> <span class='ocrx_word' id='word_1_113' title='bbox 672 1997 831 2070; x_wconf 82' lang='lat' dir='ltr'>civitatis</span> <span class='ocrx_word' id='word_1_114' title='bbox 848 1996 947 2091; x_wconf 69' lang='lat' dir='ltr'>illius</span> <span class='ocrx_word' id='word_1_115' title='bbox 960 1997 1103 2092; x_wconf 75' lang='lat' dir='ltr'>pupillo</span> <span class='ocrx_word' id='word_1_116' title='bbox 1117 2021 1184 2091; x_wconf 88' lang='lat' dir='ltr'>po·</span> 
     </span>
     <span class='ocr_line' id='line_1_16' title="bbox 82 2093 1244 2194; baseline 0.004 -28.708"><span class='ocrx_word' id='word_1_117' title='bbox 82 2093 169 2189; x_wconf 82' lang='lat' dir='ltr'>puli</span> <span class='ocrx_word' id='word_1_118' title='bbox 185 2097 302 2168; x_wconf 72' lang='lat' dir='ltr'>nosne</span> <span class='ocrx_word' id='word_1_119' title='bbox 318 2097 485 2186; x_wconf 79' lang='lat' dir='ltr'>sufficiet.</span> <span class='ocrx_word' id='word_1_120' title='bbox 588 2095 705 2194; x_wconf 75' lang='lat' dir='ltr'>Igitur</span> <span class='ocrx_word' id='word_1_121' title='bbox 728 2108 815 2194; x_wconf 92' lang='lat' dir='ltr'>post</span> <span class='ocrx_word' id='word_1_122' title='bbox 839 2095 917 2171; x_wconf 88' lang='lat' dir='ltr'>dies</span> <span class='ocrx_word' id='word_1_123' title='bbox 936 2121 1012 2169; x_wconf 91' lang='lat' dir='ltr'>non</span> <span class='ocrx_word' id='word_1_124' title='bbox 1031 2095 1244 2194; x_wconf 80' lang='lat' dir='ltr'>multos,(2·)</span> 
     </span>
     <span class='ocr_line' id='line_1_17' title="bbox 10 2185 1184 2293; baseline 0.001 -23"><span class='ocrx_word' id='word_1_125' title='bbox 10 2185 13 2270; x_wconf 70' lang='grc' dir='ltr'><em>ἶ</em></span> <span class='ocrx_word' id='word_1_126' title='bbox 89 2194 246 2268; x_wconf 89' lang='lat' dir='ltr'>audiens</span> <span class='ocrx_word' id='word_1_127' title='bbox 272 2195 422 2293; x_wconf 87' lang='lat' dir='ltr'>quidam</span> <span class='ocrx_word' id='word_1_128' title='bbox 449 2195 550 2270; x_wconf 84' lang='lat' dir='ltr'>Visst</span> <span class='ocrx_word' id='word_1_129' title='bbox 552 2197 691 2269; x_wconf 90' lang='lat' dir='ltr'>hardus</span> <span class='ocrx_word' id='word_1_130' title='bbox 716 2197 868 2271; x_wconf 83' lang='lat' dir='ltr'>nornine</span> <span class='ocrx_word' id='word_1_131' title='bbox 893 2197 1012 2270; x_wconf 88' lang='lat' dir='ltr'>maior</span> <span class='ocrx_word' id='word_1_132' title='bbox 1029 2207 1119 2271; x_wconf 87' lang='lat' dir='ltr'>natu</span> <span class='ocrx_word' id='word_1_133' title='bbox 1138 2197 1184 2271; x_wconf 87' lang='lat' dir='ltr'>de</span> 
     </span>
     <span class='ocr_line' id='line_1_18' title="bbox 89 2294 1185 2394; baseline 0.003 -25.796"><span class='ocrx_word' id='word_1_134' title='bbox 89 2294 334 2394; x_wconf 84' lang='lat' dir='ltr'>Semigallia</span> <span class='ocrx_word' id='word_1_135' title='bbox 361 2294 430 2369; x_wconf 84' lang='lat' dir='ltr'>Lot</span> <span class='ocrx_word' id='word_1_136' title='bbox 431 2296 569 2369; x_wconf 91' lang='lat' dir='ltr'>honum</span> <span class='ocrx_word' id='word_1_137' title='bbox 598 2296 887 2394; x_wconf 74' lang='lat' dir='ltr'>expeditionem,</span> <span class='ocrx_word' id='word_1_138' title='bbox 920 2323 1007 2371; x_wconf 90' lang='lat' dir='ltr'>oum</span> <span class='ocrx_word' id='word_1_139' title='bbox 1032 2299 1185 2373; x_wconf 89' lang='lat' dir='ltr'>festina·</span> 
     </span>
     <span class='ocr_line' id='line_1_19' title="bbox 89 2395 1184 2496; baseline 0.004 -28.659"><span class='ocrx_word' id='word_1_140' title='bbox 89 2395 202 2468; x_wconf 89' lang='lat' dir='ltr'>tione</span> <span class='ocrx_word' id='word_1_141' title='bbox 205 2396 515 2494; x_wconf 66' lang='lat' dir='ltr'>Rigamveniens,</span> <span class='ocrx_word' id='word_1_142' title='bbox 529 2397 809 2470; x_wconf 90' lang='lat' dir='ltr'>Theuthonicos</span> <span class='ocrx_word' id='word_1_143' title='bbox 823 2400 1079 2496; x_wconf 80' lang='lat' dir='ltr'>promouendo</span> <span class='ocrx_word' id='word_1_144' title='bbox 1092 2398 1184 2472; x_wconf 88' lang='lat' dir='ltr'>allo·</span> 
     </span>
     <span class='ocr_line' id='line_1_20' title="bbox 10 2495 1187 2598; baseline 0.003 -31"><span class='ocrx_word' id='word_1_145' title='bbox 10 2507 14 2598; x_wconf 28' lang='lat' dir='ltr'>q</span> <span class='ocrx_word' id='word_1_146' title='bbox 90 2495 229 2594; x_wconf 87' lang='lat' dir='ltr'>quitur</span> <span class='ocrx_word' id='word_1_147' title='bbox 261 2521 306 2570; x_wconf 86' lang='lat' dir='ltr'>eo</span> <span class='ocrx_word' id='word_1_148' title='bbox 326 2499 424 2594; x_wconf 90' lang='lat' dir='ltr'>quod</span> <span class='ocrx_word' id='word_1_149' title='bbox 438 2498 569 2570; x_wconf 88' lang='lat' dir='ltr'>hostes</span> <span class='ocrx_word' id='word_1_150' title='bbox 591 2497 710 2571; x_wconf 87' lang='lat' dir='ltr'>lines</span> <span class='ocrx_word' id='word_1_151' title='bbox 701 2521 870 2595; x_wconf 82' lang='lat' dir='ltr'>ipsorum</span> <span class='ocrx_word' id='word_1_152' title='bbox 889 2499 1046 2597; x_wconf 85' lang='lat' dir='ltr'>pacifice</span> <span class='ocrx_word' id='word_1_153' title='bbox 1064 2510 1187 2571; x_wconf 88' lang='lat' dir='ltr'>trans-</span> 
     </span>
     <span class='ocr_line' id='line_1_21' title="bbox 10 2597 1184 2697; baseline 0.002 -27"><span class='ocrx_word' id='word_1_154' title='bbox 10 2599 16 2670; x_wconf 82' lang='lat' dir='ltr'>l</span> <span class='ocrx_word' id='word_1_155' title='bbox 91 2607 193 2692; x_wconf 79' lang='lat' dir='ltr'>eant,</span> <span class='ocrx_word' id='word_1_156' title='bbox 219 2623 266 2671; x_wconf 93' lang='lat' dir='ltr'>ne</span> <span class='ocrx_word' id='word_1_157' title='bbox 290 2598 389 2671; x_wconf 89' lang='lat' dir='ltr'>forte</span> <span class='ocrx_word' id='word_1_158' title='bbox 415 2608 617 2697; x_wconf 87' lang='lat' dir='ltr'>postquam</span> <span class='ocrx_word' id='word_1_159' title='bbox 644 2597 758 2670; x_wconf 89' lang='lat' dir='ltr'>situm</span> <span class='ocrx_word' id='word_1_160' title='bbox 789 2597 862 2670; x_wconf 92' lang='lat' dir='ltr'>loci</span> <span class='ocrx_word' id='word_1_161' title='bbox 896 2599 1111 2696; x_wconf 80' lang='lat' dir='ltr'>didicerint</span> <span class='ocrx_word' id='word_1_162' title='bbox 1146 2598 1184 2672; x_wconf 95' lang='lat' dir='ltr'>in</span> 
     </span>
     <span class='ocr_line' id='line_1_22' title="bbox 88 2695 1184 2773; baseline 0.003 -3.799"><span class='ocrx_word' id='word_1_163' title='bbox 88 2695 219 2770; x_wconf 79' lang='lat' dir='ltr'>futuro</span> <span class='ocrx_word' id='word_1_164' title='bbox 248 2695 439 2772; x_wconf 91' lang='lat' dir='ltr'>civitatem</span> <span class='ocrx_word' id='word_1_165' title='bbox 466 2723 553 2772; x_wconf 87' lang='lat' dir='ltr'>cum</span> <span class='ocrx_word' id='word_1_166' title='bbox 577 2697 849 2772; x_wconf 87' lang='lat' dir='ltr'>habitatoribus</span> <span class='ocrx_word' id='word_1_167' title='bbox 873 2699 951 2772; x_wconf 88' lang='lat' dir='ltr'>suis</span> <span class='ocrx_word' id='word_1_168' title='bbox 977 2701 1184 2773; x_wconf 91' lang='lat' dir='ltr'>destruant.</span> 
     </span>
     <span class='ocr_line' id='line_1_23' title="bbox 89 2797 1185 2899; baseline 0.002 -28.866"><span class='ocrx_word' id='word_1_169' title='bbox 89 2797 189 2896; x_wconf 88' lang='lat' dir='ltr'>Ipsis</span> <span class='ocrx_word' id='word_1_170' title='bbox 217 2808 343 2872; x_wconf 89' lang='lat' dir='ltr'>autem</span> <span class='ocrx_word' id='word_1_171' title='bbox 370 2809 457 2872; x_wconf 91' lang='lat' dir='ltr'>ante</span> <span class='ocrx_word' id='word_1_172' title='bbox 479 2799 575 2873; x_wconf 91' lang='lat' dir='ltr'>redit</span> <span class='ocrx_word' id='word_1_173' title='bbox 560 2809 641 2872; x_wconf 91' lang='lat' dir='ltr'>tum</span> <span class='ocrx_word' id='word_1_174' title='bbox 660 2798 826 2899; x_wconf 89' lang='lat' dir='ltr'>episcopi</span> <span class='ocrx_word' id='word_1_175' title='bbox 855 2811 1011 2898; x_wconf 82' lang='lat' dir='ltr'>propter</span> <span class='ocrx_word' id='word_1_176' title='bbox 1028 2824 1185 2873; x_wconf 90' lang='lat' dir='ltr'>suorum</span> 
     </span>
     <span class='ocr_line' id='line_1_24' title="bbox 10 2881 1185 2999; baseline 0.005 -33"><span class='ocrx_word' id='word_1_177' title='bbox 10 2881 12 2966; x_wconf 65' lang='lat' dir='ltr'>i</span> <span class='ocrx_word' id='word_1_178' title='bbox 89 2898 321 2996; x_wconf 86' lang='lat' dir='ltr'>paucitatem</span> <span class='ocrx_word' id='word_1_179' title='bbox 353 2899 507 2998; x_wconf 92' lang='lat' dir='ltr'>preliari</span> <span class='ocrx_word' id='word_1_180' title='bbox 538 2900 773 2998; x_wconf 74' lang='lat' dir='ltr'>nolentibus,</span> <span class='ocrx_word' id='word_1_181' title='bbox 811 2900 911 2975; x_wconf 88' lang='lat' dir='ltr'>idem</span> <span class='ocrx_word' id='word_1_182' title='bbox 942 2901 1185 2999; x_wconf 80' lang='lat' dir='ltr'>Vesthardus‚</span> 
     </span>
     <span class='ocr_line' id='line_1_25' title="bbox 10 3000 1186 3115; baseline 0.003 -45"><span class='ocrx_word' id='word_1_183' title='bbox 10 3007 12 3046; x_wconf 58' lang='lat' dir='ltr'>r</span> <span class='ocrx_word' id='word_1_184' title='bbox 90 3009 286 3112; x_wconf 82' lang='lat' dir='ltr'>tamquam</span> <span class='ocrx_word' id='word_1_185' title='bbox 311 3000 367 3074; x_wconf 86' lang='lat' dir='ltr'>vir</span> <span class='ocrx_word' id='word_1_186' title='bbox 390 3000 604 3114; x_wconf 79' lang='lat' dir='ltr'>bellicosus,</span> <span class='ocrx_word' id='word_1_187' title='bbox 631 3002 677 3073; x_wconf 91' lang='lat' dir='ltr'>ad</span> <span class='ocrx_word' id='word_1_188' title='bbox 697 3026 862 3115; x_wconf 81' lang='lat' dir='ltr'>pugnam</span> <span class='ocrx_word' id='word_1_189' title='bbox 889 3001 1034 3074; x_wconf 90' lang='lat' dir='ltr'>animos</span> <span class='ocrx_word' id='word_1_190' title='bbox 1053 3027 1186 3076; x_wconf 89' lang='lat' dir='ltr'>eorum</span> 
     </span>
     <span class='ocr_line' id='line_1_26' title="bbox 89 3099 1185 3201; baseline 0.004 -29.664"><span class='ocrx_word' id='word_1_191' title='bbox 89 3099 234 3195; x_wconf 89' lang='lat' dir='ltr'>incitat</span> <span class='ocrx_word' id='word_1_192' title='bbox 252 3111 290 3174; x_wconf 91' lang='lat' dir='ltr'>et</span> <span class='ocrx_word' id='word_1_193' title='bbox 308 3101 530 3199; x_wconf 87' lang='lat' dir='ltr'>promittens</span> <span class='ocrx_word' id='word_1_194' title='bbox 549 3126 590 3174; x_wconf 89' lang='lat' dir='ltr'>se</span> <span class='ocrx_word' id='word_1_195' title='bbox 609 3101 710 3173; x_wconf 90' lang='lat' dir='ltr'>illis</span> <span class='ocrx_word' id='word_1_196' title='bbox 701 3126 738 3174; x_wconf 83' lang='lat' dir='ltr'>in</span> <span class='ocrx_word' id='word_1_197' title='bbox 758 3101 938 3175; x_wconf 88' lang='lat' dir='ltr'>auxilium</span> <span class='ocrx_word' id='word_1_198' title='bbox 955 3100 1185 3201; x_wconf 82' lang='lat' dir='ltr'>Semigallos</span> 
     </span>
     <span class='ocr_line' id='line_1_27' title="bbox 90 3201 1185 3316; baseline 0.002 -41.864"><span class='ocrx_word' id='word_1_199' title='bbox 90 3201 352 3298; x_wconf 90' lang='lat' dir='ltr'>quamplures</span> <span class='ocrx_word' id='word_1_200' title='bbox 371 3203 630 3316; x_wconf 77' lang='lat' dir='ltr'>adducturum,</span> <span class='ocrx_word' id='word_1_201' title='bbox 655 3211 767 3314; x_wconf 81' lang='lat' dir='ltr'>rogat</span> <span class='ocrx_word' id='word_1_202' title='bbox 791 3201 860 3274; x_wconf 92' lang='lat' dir='ltr'>sibi</span> <span class='ocrx_word' id='word_1_203' title='bbox 883 3202 957 3275; x_wconf 89' lang='lat' dir='ltr'>salt</span> <span class='ocrx_word' id='word_1_204' title='bbox 942 3213 1019 3276; x_wconf 90' lang='lat' dir='ltr'>tem</span> <span class='ocrx_word' id='word_1_205' title='bbox 1038 3203 1185 3299; x_wconf 86' lang='lat' dir='ltr'>aliquos</span> 
     </span>
     <span class='ocr_line' id='line_1_28' title="bbox 10 3300 1185 3402; baseline 0.007 -32"><span class='ocrx_word' id='word_1_206' title='bbox 10 3327 14 3402; x_wconf 69' lang='lat' dir='ltr'>l</span> <span class='ocrx_word' id='word_1_207' title='bbox 91 3300 220 3372; x_wconf 89' lang='lat' dir='ltr'>dari</span> <span class='ocrx_word' id='word_1_208' title='bbox 187 3325 287 3375; x_wconf 82' lang='lat' dir='ltr'>viros</span> <span class='ocrx_word' id='word_1_209' title='bbox 303 3302 458 3375; x_wconf 89' lang='lat' dir='ltr'>doctos</span> <span class='ocrx_word' id='word_1_210' title='bbox 448 3328 486 3374; x_wconf 93' lang='lat' dir='ltr'>1n</span> <span class='ocrx_word' id='word_1_211' title='bbox 496 3303 608 3399; x_wconf 74' lang='lat' dir='ltr'>bello,</span> <span class='ocrx_word' id='word_1_212' title='bbox 628 3327 690 3400; x_wconf 87' lang='lat' dir='ltr'>qur</span> <span class='ocrx_word' id='word_1_213' title='bbox 682 3301 907 3377; x_wconf 89' lang='lat' dir='ltr'>exereitum</span> <span class='ocrx_word' id='word_1_214' title='bbox 922 3303 1185 3402; x_wconf 84' lang='lat' dir='ltr'>sciantregere</span> 
     </span>
     <span class='ocr_line' id='line_1_29' title="bbox 10 3401 1184 3500; baseline 0.003 -27"><span class='ocrx_word' id='word_1_215' title='bbox 10 3407 12 3496; x_wconf 62' lang='grc' dir='ltr'>ζ</span> <span class='ocrx_word' id='word_1_216' title='bbox 92 3411 130 3474; x_wconf 91' lang='lat' dir='ltr'>et</span> <span class='ocrx_word' id='word_1_217' title='bbox 162 3401 208 3473; x_wconf 94' lang='lat' dir='ltr'>ad</span> <span class='ocrx_word' id='word_1_218' title='bbox 240 3427 407 3500; x_wconf 82' lang='lat' dir='ltr'>pugnam</span> <span class='ocrx_word' id='word_1_219' title='bbox 438 3403 651 3476; x_wconf 87' lang='lat' dir='ltr'>informare</span> <span class='ocrx_word' id='word_1_220' title='bbox 704 3403 952 3477; x_wconf 88' lang='lat' dir='ltr'>Theuthonici</span> <span class='ocrx_word' id='word_1_221' title='bbox 991 3403 1184 3477; x_wconf 85' lang='lat' dir='ltr'>audientes</span> 
     </span>
     <span class='ocr_line' id='line_1_30' title="bbox 10 3502 1185 3601; baseline 0.003 -29"><span class='ocrx_word' id='word_1_222' title='bbox 10 3509 12 3570; x_wconf 78' lang='lat' dir='ltr'>t</span> <span class='ocrx_word' id='word_1_223' title='bbox 92 3502 351 3575; x_wconf 90' lang='lat' dir='ltr'>constanciam</span> <span class='ocrx_word' id='word_1_224' title='bbox 379 3503 492 3576; x_wconf 90' lang='lat' dir='ltr'>animi</span> <span class='ocrx_word' id='word_1_225' title='bbox 517 3503 654 3601; x_wconf 90' lang='lat' dir='ltr'>ipsius</span> <span class='ocrx_word' id='word_1_226' title='bbox 686 3502 815 3576; x_wconf 90' lang='lat' dir='ltr'>dicunt</span> <span class='ocrx_word' id='word_1_227' title='bbox 842 3527 884 3576; x_wconf 89' lang='lat' dir='ltr'>se</span> <span class='ocrx_word' id='word_1_228' title='bbox 911 3502 1087 3601; x_wconf 89' lang='lat' dir='ltr'>peticioni</span> <span class='ocrx_word' id='word_1_229' title='bbox 1117 3527 1185 3576; x_wconf 90' lang='lat' dir='ltr'>sue</span> 
     </span>
     <span class='ocr_line' id='line_1_31' title="bbox 10 3601 1184 3700; baseline 0 -25"><span class='ocrx_word' id='word_1_230' title='bbox 10 3621 12 3692; x_wconf 60' lang='lat' dir='ltr'>t</span> <span class='ocrx_word' id='word_1_231' title='bbox 89 3601 189 3676; x_wconf 87' lang='lat' dir='ltr'>velle</span> <span class='ocrx_word' id='word_1_232' title='bbox 209 3603 803 3700; x_wconf 74' lang='lat' dir='ltr'>acquiescere,1tit,adumtaxats1</span> <span class='ocrx_word' id='word_1_233' title='bbox 793 3603 864 3676; x_wconf 88' lang='lat' dir='ltr'>de</span> <span class='ocrx_word' id='word_1_234' title='bbox 879 3604 1046 3700; x_wconf 81' lang='lat' dir='ltr'>quollbe</span> <span class='ocrx_word' id='word_1_235' title='bbox 1060 3614 1184 3676; x_wconf 89' lang='lat' dir='ltr'>castro</span> 
     </span>
     <span class='ocr_line' id='line_1_32' title="bbox 91 3700 1187 3800; baseline 0 -26"><span class='ocrx_word' id='word_1_236' title='bbox 91 3700 313 3800; x_wconf 82' lang='lat' dir='ltr'>Semigallie</span> <span class='ocrx_word' id='word_1_237' title='bbox 337 3705 505 3778; x_wconf 90' lang='lat' dir='ltr'>obsidem</span> <span class='ocrx_word' id='word_1_238' title='bbox 530 3729 659 3800; x_wconf 74' lang='lat' dir='ltr'>unum⁷</span> <span class='ocrx_word' id='word_1_239' title='bbox 687 3728 799 3800; x_wconf 88' lang='lat' dir='ltr'>quern</span> <span class='ocrx_word' id='word_1_240' title='bbox 827 3703 1022 3800; x_wconf 74' lang='lat' dir='ltr'>elegerint,</span> <span class='ocrx_word' id='word_1_241' title='bbox 1050 3703 1105 3776; x_wconf 92' lang='lat' dir='ltr'>eis</span> <span class='ocrx_word' id='word_1_242' title='bbox 1125 3728 1187 3777; x_wconf 90' lang='lat' dir='ltr'>ex·</span> 
     </span>
     <span class='ocr_line' id='line_1_33' title="bbox 10 3797 1186 3902; baseline 0.003 -30"><span class='ocrx_word' id='word_1_243' title='bbox 10 3797 13 3902; x_wconf 70' lang='grc' dir='ltr'>ξ</span> <span class='ocrx_word' id='word_1_244' title='bbox 91 3801 220 3876; x_wconf 90' lang='lat' dir='ltr'>hibere</span> <span class='ocrx_word' id='word_1_245' title='bbox 251 3803 422 3877; x_wconf 87' lang='lat' dir='ltr'>voluerit.</span> <span class='ocrx_word' id='word_1_246' title='bbox 482 3804 554 3891; x_wconf 88' lang='lat' dir='ltr'>Qui</span> <span class='ocrx_word' id='word_1_247' title='bbox 589 3806 635 3879; x_wconf 91' lang='lat' dir='ltr'>de</span> <span class='ocrx_word' id='word_1_248' title='bbox 666 3804 732 3877; x_wconf 87' lang='lat' dir='ltr'>tali</span> <span class='ocrx_word' id='word_1_249' title='bbox 762 3827 943 3902; x_wconf 89' lang='lat' dir='ltr'>responso</span> <span class='ocrx_word' id='word_1_250' title='bbox 980 3803 1186 3902; x_wconf 87' lang='lat' dir='ltr'>plurimum</span> 
     </span>
     <span class='ocr_line' id='line_1_34' title="bbox 10 3903 1186 4002; baseline 0 -24"><span class='ocrx_word' id='word_1_251' title='bbox 10 3905 16 3978; x_wconf 90' lang='lat' dir='ltr'>l</span> <span class='ocrx_word' id='word_1_252' title='bbox 90 3903 346 3998; x_wconf 61' lang='lat' dir='ltr'>exhylaratus</span> <span class='ocrx_word' id='word_1_253' title='bbox 373 3907 419 3977; x_wconf 93' lang='lat' dir='ltr'>ad</span> <span class='ocrx_word' id='word_1_254' title='bbox 446 3929 537 3978; x_wconf 90' lang='lat' dir='ltr'>suos</span> <span class='ocrx_word' id='word_1_255' title='bbox 562 3929 649 3978; x_wconf 91' lang='lat' dir='ltr'>cum</span> <span class='ocrx_word' id='word_1_256' title='bbox 668 3903 805 4002; x_wconf 82' lang='lat' dir='ltr'>gaudio</span> <span class='ocrx_word' id='word_1_257' title='bbox 824 3903 1110 4000; x_wconf 46' lang='lat' dir='ltr'>revertiturpet</span> <span class='ocrx_word' id='word_1_258' title='bbox 1129 3927 1186 3978; x_wconf 86' lang='lat' dir='ltr'>as·</span> 
     </span>
     <span class='ocr_line' id='line_1_35' title="bbox 16 4003 1188 4102; baseline 0.002 -28"><span class='ocrx_word' id='word_1_259' title='bbox 16 4047 21 4052; x_wconf 92' lang='lat'><em>—</em></span> <span class='ocrx_word' id='word_1_260' title='bbox 90 4003 252 4102; x_wconf 89' lang='lat' dir='ltr'>sumptis</span> <span class='ocrx_word' id='word_1_261' title='bbox 271 4029 401 4078; x_wconf 89' lang='lat' dir='ltr'>secum</span> <span class='ocrx_word' id='word_1_262' title='bbox 420 4005 610 4079; x_wconf 91' lang='lat' dir='ltr'>obsidibus</span> <span class='ocrx_word' id='word_1_263' title='bbox 626 4003 876 4079; x_wconf 88' lang='lat' dir='ltr'>denominatis</span> <span class='ocrx_word' id='word_1_264' title='bbox 890 4004 1096 4078; x_wconf 86' lang='lat' dir='ltr'>exercitum</span> <span class='ocrx_word' id='word_1_265' title='bbox 1111 4005 1188 4078; x_wconf 91' lang='lat' dir='ltr'>col·</span> 
     </span>
     <span class='ocr_line' id='line_1_36' title="bbox 88 4103 1188 4203; baseline 0.003 -29"><span class='ocrx_word' id='word_1_266' title='bbox 88 4103 172 4203; x_wconf 84' lang='lat' dir='ltr'>ligit</span> <span class='ocrx_word' id='word_1_267' title='bbox 198 4105 462 4180; x_wconf 87' lang='lat' dir='ltr'>sufficientem.</span> <span class='ocrx_word' id='word_1_268' title='bbox 516 4106 600 4193; x_wconf 89' lang='lat' dir='ltr'>Quo</span> <span class='ocrx_word' id='word_1_269' title='bbox 626 4106 786 4180; x_wconf 90' lang='lat' dir='ltr'>adducto</span> <span class='ocrx_word' id='word_1_270' title='bbox 815 4103 964 4179; x_wconf 91' lang='lat' dir='ltr'>obsides</span> <span class='ocrx_word' id='word_1_271' title='bbox 988 4106 1188 4178; x_wconf 87' lang='lat' dir='ltr'>traduntur</span> 
     </span>
     <span class='ocr_line' id='line_1_37' title="bbox 14 4203 1186 4306; baseline 0.002 -30"><span class='ocrx_word' id='word_1_272' title='bbox 14 4255 20 4264; x_wconf 82' lang='lat'><strong>·</strong></span> <span class='ocrx_word' id='word_1_273' title='bbox 90 4203 125 4278; x_wconf 95' lang='lat' dir='ltr'>in</span> <span class='ocrx_word' id='word_1_274' title='bbox 144 4210 282 4279; x_wconf 84' lang='lat' dir='ltr'>marius</span> <span class='ocrx_word' id='word_1_275' title='bbox 297 4206 657 4306; x_wconf 77' lang='lat' dir='ltr'>Theuthonicorum,</span> <span class='ocrx_word' id='word_1_276' title='bbox 677 4225 714 4286; x_wconf 87' lang='lat' dir='ltr'>et</span> <span class='ocrx_word' id='word_1_277' title='bbox 732 4207 784 4280; x_wconf 90' lang='lat' dir='ltr'>ita</span> <span class='ocrx_word' id='word_1_278' title='bbox 799 4205 891 4280; x_wconf 88' lang='lat' dir='ltr'>satis</span> <span class='ocrx_word' id='word_1_279' title='bbox 910 4230 952 4280; x_wconf 86' lang='lat' dir='ltr'>se</span> <span class='ocrx_word' id='word_1_280' title='bbox 967 4206 1186 4282; x_wconf 84' lang='lat' dir='ltr'>exhibentes</span> 
     </span>
    </p>
   </div>
   <div class='ocr_carea' id='block_1_3' title="bbox 0 0 1512 5016">
    <p class='ocr_par' dir='ltr' id='par_1_3' title="bbox 0 0 1512 5016">
     <span class='ocr_line' id='line_1_38' title="bbox 0 0 1512 5016; baseline 0 0"><span class='ocrx_word' id='word_1_281' title='bbox 0 0 1512 5016; x_wconf 95' lang='lat' dir='ltr'> </span> 
     </span>
    </p>
   </div>
  </div>
 </body>
</html>
