3104 5012
329 509 398 582 136
467 506 681 582 llElNlllCl
709 504 987 583 CllllONlCON
1012 504 1264 581 LYVONlAE.

326 729 412 781 eum
442 707 608 784 exercitu
640 706 809 782 venirent
839 705 1040 782 ecclesiam
1070 707 1331 803 Lyvonensem
1357 707 1425 782 de·

326 807 514 880 structuri.
575 807 649 882 Sed
689 831 755 882 rex
793 830 954 906 magnus
993 807 1201 907 Nogardie,
1239 807 1421 905 lllislawe‚

327 907 461 982 eodem
485 920 657 1007 tempore
682 907 826 982 abierat
853 918 984 981 contra
1011 932 1142 1006 regem
1159 907 1324 1006 Ungarie
1349 932 1422 1005 pu·

326 1018 508 1106 gnaturus
533 1031 601 1105 pro
628 1031 747 1107 regno
775 1004 981 1102 (1331331311,
1006 1007 1140 1081 3311313
1165 1031 1257 1106 roge
1283 1006 1423 1081 novo⁷⁶

325 1109 362 1180 in
387 1110 475 1182 sede
494 1132 561 1182 sua
580 1108 618 1181 in
637 1107 836 1207 Nogardia.
879 1105 951 1194 Qui
970 1107 1097 1180 missis
1116 1107 1262 1181 nunciis
1281 1107 1359 1180 suis
1379 1107 1420 1179 in

325 1208 521 1282 Estoniam
545 1209 720 1306 promisit
742 1231 783 1284 se
809 1232 895 1284 cum
926 1206 1091 1282 exercitu
1120 1232 1258 1306 magno
1288 1218 1420 1282 ventu-

325 1333 426 1406 rum,
458 1309 571 1382 simul
595 1332 681 1384 oum
704 1332 794 1407 rege
823 1308 1065 1382 woldemaro
1092 1320 1130 1382 et
1153 1308 1306 1407 regibus
1332 1308 1420 1389 aliis

326 1433 440 1508 quam
458 1408 639 1508 plurimis.
675 1409 720 1482 Et
739 1408 859 1507 gavisi
880 1401 1158 1505 Ι333111313333,
1178 1418 1216 1482 31
1234 1409 1425 1482 miserunt

325 1533 393 1608 per
419 1510 632 1582 universam
661 1508 868 1604 betuniam,
896 1518 934 1582 et
960 1520 1287 1607 congregaverunt
1314 1534 1421 1584 exer·

325 1611 443 1684 citum
461 1633 643 1708 magnum
656 1608 768 1681 nimis
787 1618 824 1682 31
843 1608 990 1682 fortem.
1028 1609 1074 1680 Et
1092 1609 1312 1686 resederunt
1325 1620 1420 1708 aput

326 1710 452 1782 Palam
471 1709 507 1782 in
522 1709 691 1782 Saccala.
728 1708 898 1795 Quorum
917 1708 1092 1807 princeps
1110 1733 1154 1782 ac
1170 1709 1296 1783 senior
1308 1709 1420 1783 Lem·

325 1811 423 1884 bitus
443 1807 663 1884 convocavit
680 1833 812 1882 omnes
827 1809 871 1881 de
887 1807 1060 1881 omnibus
1075 1809 1289 1907 provinciis,
1307 1835 1421 1886 vene·

325 1921 486 2007 runtque
511 1910 557 1982 ad
577 1933 643 1982 eos
665 1909 997 1982 1333113131133333
1017 1909 1420 2007 33333113313333333,

325 2024 403 2084 tam
428 2010 672 2084 Wironenses
691 2033 803 2106 quam
822 2008 1062 2104 llevelenseS,
1090 2008 1361 2084 Gerwanenses
1379 2022 1422 2084 et

326 2111 637 2185 Saclralanenses.
676 2108 722 2180 Et
740 2118 848 2182 erant
861 2133 906 2182 ex
921 2108 975 2182 eis
990 2109 1092 2182 milia
1111 2133 1189 2206 333,
1209 2110 1271 2207 qui
1285 2135 1419 2189 omnes

206 2241 210 2248 ·
327 2213 594 2308 exspectabant
620 2210 820 2286 adventum
845 2233 978 2308 regum
1005 2209 1263 2284 Ruthenorum
1286 2211 1421 2285 diebus

327 2310 538 2408 quindecim
551 2309 588 2382 in
604 2308 782 2388 83313313.
810 2308 979 2396 Quorum
994 2311 1255 2387 collectionem
1267 2310 1421 2386 audien-

325 2422 383 2486 tes
407 2411 604 2510 lligenses,
631 2419 875 2490 surrexerunt
900 2421 938 2483 et
961 2435 1122 2508 propere
1145 2410 1420 2485 festinaverunt

242 2532 314 2607 sept.
327 2513 371 2586 ad
387 2535 465 2607 333,
484 2511 677 2586 1131133333
690 2511 886 2608 prevenire
901 2511 1106 2608 cupientes.
1137 2511 1184 2584 Et
1198 2511 1276 2584 ibat
1289 2535 1420 2586 comes

326 2614 501 2694 Albertus
520 2636 605 2684 cum
625 2610 692 2702 313,
711 2634 798 2683 curn
818 2611 997 2685 militibus
1016 2635 1060 2685 ac
1083 2612 1201 2688 servis
1220 2612 1311 2707 3313,
1336 2612 1421 2684 1131-

327 2713 462 2810 quinus
480 2711 663 2808 magister
680 2711 818 2784 milicie
837 2736 923 2784 cunr
942 2711 1119 2784 fratribus
1138 2711 1230 2806 3313,
1259 2711 1421 2787 Bernar-

327 2816 396 2890 (lus
415 2814 530 2886 abbas
549 2812 595 2884 de
612 2811 873 2908 0333133313,
899 2811 1113 2909 prepositus
1131 2811 1421 2908 1313333313-

327 2936 443 2986 vones
462 2923 499 2985 et
517 2911 626 3003 Leni,
652 2912 779 3009 Caupo
799 2911 1186 3009 311333813113313333,
1218 2911 1279 3009 qui
1299 2913 1421 3012 prelia

327 3011 479 3084 Domini
509 3011 622 3084 simul
650 3021 688 3084 et
714 3012 971 3109 expeditiones
1002 3037 1207 3109 numquam
1239 3012 1417 3110 neglexit.

327 3112 388 3184 Hii
414 3135 545 3185 omnes
563 3121 747 3184 venerunt
776 3135 892 3210 prope
910 3111 1125 3203 8331331333,
1152 3111 1213 3185 ubi
1233 3113 1340 3185 locus
1360 3123 1421 3186 est
1498 3129 1505 3143 ‘

328 3211 507 3286 orationis
526 3221 565 3286 31
583 3212 856 3309 colloquiorum
876 3213 1072 3285 exercitus.
1107 3213 1154 3285 Et
1171 3222 1281 3287 erant
1298 3237 1344 3286 ex
1362 3213 1419 3286 eis

327 3313 406 3386 lere
428 3311 499 3385 tria
518 3311 621 3385 milia
642 3311 806 3386 virorum
825 3312 1044 3386 electorum.
1086 3312 1133 3384 Et
1151 3313 1421 3388 ordinaverunt

326 3411 605 3494 Thouthonicos
638 3412 695 3485 via
723 3411 865 3505 3333113,
899 3411 1072 3508 Lyvones
1095 3437 1184 3490 vero
1210 3422 1421 3512 posuerunt

328 3512 374 3585 ad
393 3514 574 3605 (13313333,
593 3511 710 3585 Lettis
729 3536 818 3586 vero
834 3513 929 3586 viam
950 3513 995 3584 ad
1015 3511 1205 3586 sinistram
1226 3513 1417 3588 dederunt.

327 3614 372 3686 llt
389 3613 573 3686 miserunt
590 3612 685 3685 alios
704 3612 749 3686 ad
769 3611 890 3707 villas,
915 3611 977 3708 qui
998 3614 1281 3710 comprehensis
1299 3613 1420 3688 homi·

327 3712 434 3790 nibus
454 3714 675 3810 quibusdam
698 3712 964 3786 intellexerunt
991 3716 1036 3788 ab
1062 3714 1116 3786 eis
1140 3713 1419 3788 multitudinem

327 3813 524 3908 exercitus,
552 3813 666 3886 simul
684 3823 722 3886 31
739 3812 863 3909 ipsum
886 3812 961 3884 iam
981 3811 1128 3886 obviam
1147 3812 1363 3889 venientem
1382 3824 1421 3890 et

328 3923 498 4011 paratum
524 3913 569 3985 ad
597 3912 844 4010 preliandum.
882 3911 965 3999 Ouo
984 3911 1123 4010 3331113,
1151 3923 1421 4012 processerunt

328 4023 436 4087 caute
455 4024 492 4087 et
510 4012 691 4107 ordinate,
711 4023 749 4087 et
762 4036 920 4110 vespere
939 4013 1039 4086 13313
1054 4026 1307 4110 pervenerunt
1321 4013 1419 4113 apud

328 4211 372 4276 74)
392 4208 524 4266 Galizien.
598 4211 642 4283 75)
663 4209 836 4266 Swiatoslaw.
938 4210 942 4220 “
