3084 5018
245 418 250 428 ’
287 472 499 554 nnrunrcr
525 469 804 553 ennomcou
831 468 1082 554 arveniae.
1152 473 1225 556 au

19 651 27 758 i
130 673 280 778 legatus
307 680 587 754 Theutbonicos
612 679 933 778 quamplurimos
959 680 997 753 in
1016 679 1224 756 Wironiam

18 823 20 862 ,
131 781 168 853 in
201 780 384 854 auxilium
416 781 538 855 eidem
570 780 738 877 Iohanni,
770 792 850 854 tam
875 791 1005 854 contra
1032 781 1225 856 Danorum

18 943 56 974 ,‚
130 905 244 979 quam
269 894 401 955 contra
425 883 597 957 sevitiam
624 880 888 955 Osilianorum
936 881 1009 957 Sed
1029 883 1182 958 audient
1167 894 1225 958 tes
1273 878 1277 883 ’

17 995 20 1080 Ιζ
130 981 315 1081 lligenses
333 982 432 1057 bella
452 1008 596 1080 eorum,
621 982 778 1057 nuncios
797 983 977 1079 mittunt,
985 1008 1118 1082 pacem
1137 1009 1224 1058 cum

17 1087 24 1170 ἓ,
130 1083 247 1156 [lanis
266 1084 419 1182 faciunt,
439 1095 479 1157 ut
494 1083 684 1157 Osilianos
698 1084 822 1182 magis
836 1085 1060 1183 impugnare
1073 1086 1225 1160 valeant

17 1209 19 1264 ξ
130 1195 167 1257 et
185 1183 327 1258 fidem
318 1211 356 1257 rn
374 1186 548 1299 gentibus
566 1185 734 1259 dilatare.

16 1281 19 1376 j
204 1284 485 1360 Consummatis
509 1286 637 1383 itaque
661 1286 767 1360 festis
795 1285 930 1360 natalis
959 1297 996 1360 et
1022 1287 1312 1439 epiphanielttp
1422 1287 1425 1296 ’

16 1409 18 1444 2
129 1383 293 1480 Domini,
319 1387 382 1459 nix
398 1389 493 1485 tegit
514 1397 648 1483 terras,
675 1398 713 1462 et
729 1387 873 1485 glacies
893 1379 1024 1484 undas,
1051 1412 1096 1462 eo
1122 1390 1220 1485 quod
1231 1383 1312 1528 ¹²¹⁷·

16 1511 18 1582 ξ
129 1486 349 1584 superficies
374 1488 498 1583 abyssi
526 1487 814 1585 constringitur,
849 1498 887 1560 et
913 1512 1010 1584 aque
1040 1475 1248 1562 duranturl
1250 1475 1330 1584 '6⁸¹¹’

128 1596 169 1657 ut
188 1587 379 1686 lapides⁵³,
407 1597 443 1661 et
468 1588 511 1661 fit
534 1587 689 1687 glacieS,
717 1599 755 1661 et
781 1598 839 1660 est
861 1588 921 1662 via
948 1588 1084 1662 melior
1106 1613 1226 1692 super

21 1682 36 1701 ”
126 1698 248 1760 terras
266 1699 305 1762 et
322 1712 436 1786 super
453 1713 594 1804 aquas..
618 1689 732 1764 Facta
750 1689 877 1786 itaque
891 1688 951 1763 via
968 1711 1084 1803 super
1101 1714 1219 1787 mare,

15 1829 17 1894 3
127 1788 255 1862 statim
272 1789 470 1888 Rigenses,
497 1791 596 1864 sacri
619 1789 816 1889 baptismi
812 1790 877 1866 sui
895 1789 1114 1905 irrigatione
1132 1816 1222 1906 gen·

14 1900 17 1950 t
127 1898 185 1962 tes
203 1889 287 1962 illas
301 1889 501 1986 OsilianaS,
520 1915 593 1988 que
610 1891 806 1964 habitant
797 1916 835 1963 m
852 1890 976 1964 insula
994 1892 1120 1984 marie,
1139 1891 1220 1964 irri-

127 2014 219 2088 gare
237 1991 444 2091 cupientes,
470 1991 637 2066 indicunt
654 1991 943 2090 expeditionem,
968 2002 1220 2068 convocantes

14 2115 15 2120 ¹
127 2115 260 2166 omnes
278 2092 324 2165 ad
343 2091 512 2190 lluvium,
538 2092 600 2190 qui
619 2093 739 2166 Mater
757 2117 941 2190 aquarum
959 2091 1104 2166 dicitur.
1153 2093 1330 2168 Fa-nnuo.

13 2179 16 2246 s
126 2191 226 2265 biani
244 2203 372 2268 autem
390 2204 429 2267 et
446 2193 657 2268 Sebastiani
683 2195 781 2268 festo
799 2203 968 2292 peracto,
995 2193 1221 2270 conveniunt

13 2307 15 2348 ³
126 2316 259 2367 omnes
277 2294 537 2392 Theuthonici,
553 2295 766 2409 RigenseS,
771 2293 941 2411 Lyvones
959 2317 1046 2368 cum
1060 2294 1218 2391 Letthis,

12 2397 17 2490 ᾖ
126 2404 165 2466 et
182 2394 356 2491 llstoneS,
375 2397 420 2470 de
438 2396 582 2469 cunctis
598 2394 802 2494 provinciis
820 2395 914 2492 suiS,
935 2405 1137 2492 sequentes
1156 2397 1220 2471 do-

12 2505 14 2572 l
126 2493 270 2570 minum
296 2497 550 2572 venerabilem
573 2495 834 2594 Lyvonensem
859 2496 1098 2595 episcopum,
1131 2521 1218 2571 eum

12 2585 36 2660 l·
125 2620 199 2693 quo
219 2596 333 2671 simul
359 2598 467 2671 adest
490 2597 786 2696 Semigallorum
804 2597 1019 2697 episcopus,
1046 2609 1084 2672 et
1101 2598 1220 2695 magi·

12 2735 17 2806 2,
125 2707 209 2770 ster·
221 2697 429 2797 Volquinus
453 2698 736 2772 cumfratribus
756 2698 834 2772 suis
853 2709 891 2773 et
908 2697 1130 2797 peregrinis,
1157 2702 1219 2774 de·
1355 2729 1356 2736 ¹

12 2833 14 2892 i
125 2797 291 2873 ferentes
325 2823 457 2873 secum
482 2799 585 2874 cibos
611 2811 650 2875 et
681 2824 787 2873 arma
813 2823 893 2873 sua.
946 2799 994 2872 Et
1019 2799 1218 2873 celebratis

12 2899 14 2948 ῗ
124 2897 327 2973 missarum
342 2899 562 3015 solempniis
576 2901 812 3015 procedunt'
803 2925 840 2974 m
854 2900 977 2997 glacie
989 2923 1122 2975 versus
1137 2898 1219 2974 Osi·

12 3013 14 3084 }
124 2999 225 3072 liam.
263 2999 352 3074 Erat
369 3001 472 3075 enim
490 3001 677 3092 exercitus
691 3025 853 3116 magnus
871 3011 909 3076 et
927 3001 1048 3098 fortis,
1073 3001 1217 3075 habens

12 3095 16 3190 l
124 3100 257 3216 viginti
288 3127 386 3200 pene
421 3103 526 3176 milia
555 3103 744 3202 virorum,
783 3103 844 3200 qui
881 3126 969 3176 suas
1000 3102 1217 3176 ordinantes

124 3203 238 3316 acies,
257 3202 430 3278 distinete
450 3228 536 3278 cum
554 3205 701 3279 vexillis
720 3204 883 3304 propriis
902 3204 1151 3301 ambulantes,
1180 3215 1218 3277 et

12 3309 14 3342 ³
125 3302 164 3374 in
191 3303 297 3416 equis
325 3314 365 3378 et
385 3304 568 3378 vehiculis
592 3307 672 3378 suis
697 3306 861 3418 glaciem
879 3305 994 3377 maris
1014 3305 1217 3400 caleanteS,

12 3409 14 3482 ᾗ
123 3403 290 3477 sonitum
307 3414 503 3502 tamquam
515 3405 670 3478 tonitrui
683 3430 810 3503 magni
802 3405 1030 3499 faciebant,
1049 3429 1094 3478 ex
1115 3404 1218 3477 colli·

122 3503 230 3578 sione
248 3529 439 3578 armorum
452 3516 491 3580 et
508 3505 769 3580 vehiculorum
787 3504 1037 3580 concussione
1056 3515 1094 3578 et
1110 3515 1217 3578 motu

12 3617 13 3624 ’
123 3604 357 3704 strepituque
382 3605 550 3680 virorum
578 3617 616 3680 et
639 3631 823 3704 equorum
846 3605 1061 3679 cadentium
1088 3616 1125 3679 et
1145 3604 1218 3680 ite·

122 3729 206 3778 rum
235 3705 470 3804 surgentium
502 3707 574 3782 hac
607 3718 646 3781 et
670 3708 757 3780 illac
782 3731 896 3806 super
926 3705 1106 3805 glaciem,
1143 3731 1215 3802 que

12 3801 14 3870 ζ
122 3806 236 3921 plana
257 3817 341 3880 erat
364 3817 557 3905 tamquam
575 3809 727 3903 vitrum,
754 3833 800 3882 ex
827 3807 1052 3881 australibus
1077 3816 1117 3880 et
1135 3807 1216 3904 plu·

122 3905 237 3979 viosis
268 3907 387 4004 aquis,
421 3933 496 4006 que
526 3919 614 3983 tunc
645 3908 936 4008 inundaverant,
971 3919 1009 3982 et
1035 3909 1085 3981 de
1113 3908 1214 4021 gelu,

12 4039 14 4046 ·
122 4008 221 4104 quod
240 4009 548 4106 subsequebatur.
585 4010 632 4083 Et
649 4035 789 4109 magno
807 4011 937 4083 labore
958 4033 1064 4084 mare
1082 4008 1216 4082 transi-

123 4157 427 4278 mmmmm
