<?xml version="1.0" encoding="UTF-8"?>
<!DOCTYPE html PUBLIC "-//W3C//DTD XHTML 1.0 Transitional//EN"
    "http://www.w3.org/TR/xhtml1/DTD/xhtml1-transitional.dtd">
<html xmlns="http://www.w3.org/1999/xhtml" xml:lang="en" lang="en">
 <head>
  <title>
</title>
<meta http-equiv="Content-Type" content="text/html;charset=utf-8" />
  <meta name='ocr-system' content='tesseract 3.04.00' />
  <meta name='ocr-capabilities' content='ocr_page ocr_carea ocr_par ocr_line ocrx_word'/>
</head>
<body>
  <div class='ocr_page' id='page_1' title='image "./heinricichronic00arndgoog_0050.png"; bbox 0 0 3016 5016; ppageno 0'>
   <div class='ocr_carea' id='block_1_1' title="bbox 329 419 1270 501">
    <p class='ocr_par' dir='ltr' id='par_1_1' title="bbox 329 419 1270 501">
     <span class='ocr_line' id='line_1_1' title="bbox 329 419 1270 501; baseline -0.006 0"><span class='ocrx_word' id='word_1_1' title='bbox 329 425 379 501; x_wconf 75' lang='lat'><strong>22</strong></span> <span class='ocrx_word' id='word_1_2' title='bbox 474 421 687 498; x_wconf 81' lang='lat' dir='ltr'><strong>HEINRlCI</strong></span> <span class='ocrx_word' id='word_1_3' title='bbox 714 420 992 497; x_wconf 84' lang='lat' dir='ltr'><strong>CHRONlCON</strong></span> <span class='ocrx_word' id='word_1_4' title='bbox 1019 419 1270 496; x_wconf 81' lang='lat' dir='ltr'><strong>LYVONIAE.</strong></span> 
     </span>
    </p>
   </div>
   <div class='ocr_carea' id='block_1_2' title="bbox 329 620 1438 1023">
    <p class='ocr_par' dir='ltr' id='par_1_2' title="bbox 329 620 1438 1023">
     <span class='ocr_line' id='line_1_2' title="bbox 330 620 1438 722; baseline 0 -25"><span class='ocrx_word' id='word_1_5' title='bbox 330 623 475 722; x_wconf 82' lang='lat' dir='ltr'><strong>fideles,</strong></span> <span class='ocrx_word' id='word_1_6' title='bbox 500 623 652 698; x_wconf 88' lang='lat' dir='ltr'><strong>illorum</strong></span> <span class='ocrx_word' id='word_1_7' title='bbox 671 622 851 698; x_wconf 85' lang='lat' dir='ltr'><strong>auxilium</strong></span> <span class='ocrx_word' id='word_1_8' title='bbox 870 620 983 696; x_wconf 89' lang='lat' dir='ltr'><strong>simul</strong></span> <span class='ocrx_word' id='word_1_9' title='bbox 1002 633 1040 697; x_wconf 90' lang='lat' dir='ltr'><strong>et</strong></span> <span class='ocrx_word' id='word_1_10' title='bbox 1058 621 1269 696; x_wconf 84' lang='lat' dir='ltr'><strong>amiciciam</strong></span> <span class='ocrx_word' id='word_1_11' title='bbox 1293 646 1438 697; x_wconf 87' lang='lat' dir='ltr'><strong>conse·</strong></span> 
     </span>
     <span class='ocr_line' id='line_1_3' title="bbox 329 723 1437 822; baseline 0 -24"><span class='ocrx_word' id='word_1_12' title='bbox 329 735 505 822; x_wconf 65' lang='lat' dir='ltr'><strong>(luuntur,</strong></span> <span class='ocrx_word' id='word_1_13' title='bbox 524 748 612 798; x_wconf 79' lang='lat' dir='ltr'><strong>riam</strong></span> <span class='ocrx_word' id='word_1_14' title='bbox 630 723 776 810; x_wconf 53' lang='lat' dir='ltr'><strong>familia,</strong></span> <span class='ocrx_word' id='word_1_15' title='bbox 791 723 958 822; x_wconf 83' lang='lat' dir='ltr'><strong>episcopi</strong></span> <span class='ocrx_word' id='word_1_16' title='bbox 981 748 1067 797; x_wconf 92' lang='lat' dir='ltr'><strong>cum</strong></span> <span class='ocrx_word' id='word_1_17' title='bbox 1086 723 1265 798; x_wconf 87' lang='lat' dir='ltr'><strong>fratribus</strong></span> <span class='ocrx_word' id='word_1_18' title='bbox 1284 723 1437 798; x_wconf 78' lang='lat' dir='ltr'><strong>milicie</strong></span> 
     </span>
     <span class='ocr_line' id='line_1_4' title="bbox 331 823 1435 922; baseline -0.003 -23"><span class='ocrx_word' id='word_1_19' title='bbox 331 824 469 899; x_wconf 84' lang='lat' dir='ltr'><strong>Christi</strong></span> <span class='ocrx_word' id='word_1_20' title='bbox 495 838 533 900; x_wconf 88' lang='lat' dir='ltr'><strong>et</strong></span> <span class='ocrx_word' id='word_1_21' title='bbox 555 823 749 900; x_wconf 86' lang='lat' dir='ltr'><strong>Conradus</strong></span> <span class='ocrx_word' id='word_1_22' title='bbox 776 823 886 898; x_wconf 90' lang='lat' dir='ltr'><strong>miles</strong></span> <span class='ocrx_word' id='word_1_23' title='bbox 913 824 959 898; x_wconf 90' lang='lat' dir='ltr'><strong>de</strong></span> <span class='ocrx_word' id='word_1_24' title='bbox 977 823 1164 898; x_wconf 88' lang='lat' dir='ltr'><strong>Ykescola</strong></span> <span class='ocrx_word' id='word_1_25' title='bbox 1187 849 1274 897; x_wconf 90' lang='lat' dir='ltr'><strong>cum</strong></span> <span class='ocrx_word' id='word_1_26' title='bbox 1292 823 1435 922; x_wconf 86' lang='lat' dir='ltr'><strong>paucis</strong></span> 
     </span>
     <span class='ocr_line' id='line_1_5' title="bbox 330 919 1434 1023; baseline -0.002 -25"><span class='ocrx_word' id='word_1_27' title='bbox 330 925 426 1022; x_wconf 83' lang='lat' dir='ltr'><strong>aliis,</strong></span> <span class='ocrx_word' id='word_1_28' title='bbox 444 926 507 1022; x_wconf 88' lang='lat' dir='ltr'><strong>qui</strong></span> <span class='ocrx_word' id='word_1_29' title='bbox 519 927 655 1000; x_wconf 87' lang='lat' dir='ltr'><strong>abesse</strong></span> <span class='ocrx_word' id='word_1_30' title='bbox 668 919 854 1023; x_wconf 66' lang='lat' dir='ltr'><strong>poterant,</strong></span> <span class='ocrx_word' id='word_1_31' title='bbox 874 923 919 996; x_wconf 85' lang='lat' dir='ltr'><strong>ad</strong></span> <span class='ocrx_word' id='word_1_32' title='bbox 934 923 1141 1010; x_wconf 78' lang='lat' dir='ltr'><strong>exercitum</strong></span> <span class='ocrx_word' id='word_1_33' title='bbox 1156 927 1257 997; x_wconf 87' lang='lat' dir='ltr'><strong>foras</strong></span> <span class='ocrx_word' id='word_1_34' title='bbox 1272 934 1434 1022; x_wconf 74' lang='lat' dir='ltr'><strong>exeunt,</strong></span> 
     </span>
    </p>
   </div>
   <div class='ocr_carea' id='block_1_3' title="bbox 196 1022 1475 3937">
    <p class='ocr_par' dir='ltr' id='par_1_3' title="bbox 196 1022 1475 3937">
     <span class='ocr_line' id='line_1_6' title="bbox 331 1022 1434 1123; baseline -0.002 -23"><span class='ocrx_word' id='word_1_35' title='bbox 331 1036 369 1100; x_wconf 90' lang='lat' dir='ltr'><strong>et</strong></span> <span class='ocrx_word' id='word_1_36' title='bbox 393 1025 430 1099; x_wconf 94' lang='lat' dir='ltr'><strong>in</strong></span> <span class='ocrx_word' id='word_1_37' title='bbox 453 1027 539 1102; x_wconf 91' lang='lat' dir='ltr'><strong>loco</strong></span> <span class='ocrx_word' id='word_1_38' title='bbox 567 1024 746 1102; x_wconf 83' lang='lat' dir='ltr'><strong>eminenti</strong></span> <span class='ocrx_word' id='word_1_39' title='bbox 765 1049 853 1100; x_wconf 92' lang='lat' dir='ltr'><strong>cum</strong></span> <span class='ocrx_word' id='word_1_40' title='bbox 870 1023 1088 1123; x_wconf 83' lang='lat' dir='ltr'><strong>Semigallis</strong></span> <span class='ocrx_word' id='word_1_41' title='bbox 1106 1025 1268 1099; x_wconf 88' lang='lat' dir='ltr'><strong>reditum</strong></span> <span class='ocrx_word' id='word_1_42' title='bbox 1287 1022 1434 1098; x_wconf 84' lang='lat' dir='ltr'><strong>Letho-</strong></span> 
     </span>
     <span class='ocr_line' id='line_1_7' title="bbox 268 1124 1433 1227; baseline -0.006 -21"><span class='ocrx_word' id='word_1_43' title='bbox 268 1141 318 1227; x_wconf 82' lang='grc'>(3.)</span> <span class='ocrx_word' id='word_1_44' title='bbox 331 1151 420 1200; x_wconf 91' lang='lat' dir='ltr'><strong>num</strong></span> <span class='ocrx_word' id='word_1_45' title='bbox 438 1135 648 1226; x_wconf 80' lang='lat' dir='ltr'><strong>expectant.</strong></span> <span class='ocrx_word' id='word_1_46' title='bbox 684 1124 882 1200; x_wconf 84' lang='lat' dir='ltr'><strong>Mittuntur</strong></span> <span class='ocrx_word' id='word_1_47' title='bbox 899 1125 1047 1200; x_wconf 83' lang='lat' dir='ltr'><strong>interim</strong></span> <span class='ocrx_word' id='word_1_48' title='bbox 1063 1125 1188 1200; x_wconf 91' lang='lat' dir='ltr'><strong>nuncii</strong></span> <span class='ocrx_word' id='word_1_49' title='bbox 1208 1126 1245 1198; x_wconf 94' lang='lat' dir='ltr'><strong>in</strong></span> <span class='ocrx_word' id='word_1_50' title='bbox 1258 1125 1433 1222; x_wconf 86' lang='lat' dir='ltr'><strong>Thorey·</strong></span> 
     </span>
     <span class='ocr_line' id='line_1_8' title="bbox 306 1225 1431 1325; baseline 0.007 -33"><span class='ocrx_word' id='word_1_51' title='bbox 306 1289 308 1292; x_wconf 83' lang='lat'>.</span> <span class='ocrx_word' id='word_1_52' title='bbox 329 1226 415 1300; x_wconf 86' lang='lat' dir='ltr'><strong>dam</strong></span> <span class='ocrx_word' id='word_1_53' title='bbox 438 1226 587 1324; x_wconf 66' lang='lat' dir='ltr'><strong>ydonei,</strong></span> <span class='ocrx_word' id='word_1_54' title='bbox 614 1225 677 1323; x_wconf 89' lang='lat' dir='ltr'><strong>qui</strong></span> <span class='ocrx_word' id='word_1_55' title='bbox 696 1225 895 1325; x_wconf 84' lang='lat' dir='ltr'><strong>diligenter</strong></span> <span class='ocrx_word' id='word_1_56' title='bbox 918 1226 1085 1299; x_wconf 91' lang='lat' dir='ltr'><strong>hostium</strong></span> <span class='ocrx_word' id='word_1_57' title='bbox 1103 1225 1202 1300; x_wconf 91' lang='lat' dir='ltr'><strong>viam</strong></span> <span class='ocrx_word' id='word_1_58' title='bbox 1222 1226 1431 1325; x_wconf 85' lang='lat' dir='ltr'><strong>explorare</strong></span> 
     </span>
     <span class='ocr_line' id='line_1_9' title="bbox 196 1321 1429 1402; baseline 0.003 -8"><span class='ocrx_word' id='word_1_59' title='bbox 196 1389 199 1394; x_wconf 76' lang='grc'>,</span> <span class='ocrx_word' id='word_1_60' title='bbox 328 1327 479 1401; x_wconf 86' lang='lat' dir='ltr'><strong>valeant</strong></span> <span class='ocrx_word' id='word_1_61' title='bbox 502 1339 546 1402; x_wconf 68' lang='lat' dir='ltr'><strong>otv</strong></span> <span class='ocrx_word' id='word_1_62' title='bbox 564 1321 798 1401; x_wconf 83' lang='lat' dir='ltr'><strong>renunciare.</strong></span> <span class='ocrx_word' id='word_1_63' title='bbox 847 1326 1039 1400; x_wconf 88' lang='lat' dir='ltr'><strong>Predictus</strong></span> <span class='ocrx_word' id='word_1_64' title='bbox 1064 1326 1178 1402; x_wconf 90' lang='lat' dir='ltr'><strong>etiam</strong></span> <span class='ocrx_word' id='word_1_65' title='bbox 1202 1327 1277 1400; x_wconf 87' lang='lat' dir='ltr'><strong>dux</strong></span> <span class='ocrx_word' id='word_1_66' title='bbox 1301 1324 1429 1400; x_wconf 87' lang='lat' dir='ltr'><strong>Semi-</strong></span> 
     </span>
     <span class='ocr_line' id='line_1_10' title="bbox 328 1425 1430 1526; baseline -0.003 -25"><span class='ocrx_word' id='word_1_67' title='bbox 328 1427 517 1526; x_wconf 85' lang='lat' dir='ltr'><strong>gallorum</strong></span> <span class='ocrx_word' id='word_1_68' title='bbox 535 1427 582 1502; x_wconf 88' lang='lat' dir='ltr'><strong>de</strong></span> <span class='ocrx_word' id='word_1_69' title='bbox 600 1426 760 1525; x_wconf 82' lang='lat' dir='ltr'><strong>singulis</strong></span> <span class='ocrx_word' id='word_1_70' title='bbox 774 1425 948 1500; x_wconf 89' lang='lat' dir='ltr'><strong>domibus</strong></span> <span class='ocrx_word' id='word_1_71' title='bbox 966 1425 1004 1500; x_wconf 91' lang='lat' dir='ltr'><strong>in</strong></span> <span class='ocrx_word' id='word_1_72' title='bbox 1018 1425 1112 1525; x_wconf 81' lang='lat' dir='ltr'><strong>Riga</strong></span> <span class='ocrx_word' id='word_1_73' title='bbox 1127 1425 1303 1501; x_wconf 85' lang='lat' dir='ltr'><strong>victualia</strong></span> <span class='ocrx_word' id='word_1_74' title='bbox 1318 1425 1430 1500; x_wconf 92' lang='lat' dir='ltr'><strong>colli-</strong></span> 
     </span>
     <span class='ocr_line' id='line_1_11' title="bbox 328 1525 1429 1626; baseline -0.002 -24"><span class='ocrx_word' id='word_1_75' title='bbox 328 1551 435 1626; x_wconf 81' lang='lat' dir='ltr'><strong>gens,</strong></span> <span class='ocrx_word' id='word_1_76' title='bbox 455 1526 646 1625; x_wconf 77' lang='lat' dir='ltr'><strong>exercitui,</strong></span> <span class='ocrx_word' id='word_1_77' title='bbox 672 1526 736 1624; x_wconf 92' lang='lat' dir='ltr'><strong>qui</strong></span> <span class='ocrx_word' id='word_1_78' title='bbox 755 1528 801 1603; x_wconf 90' lang='lat' dir='ltr'><strong>de</strong></span> <span class='ocrx_word' id='word_1_79' title='bbox 817 1525 1024 1624; x_wconf 83' lang='lat' dir='ltr'><strong>longinquo</strong></span> <span class='ocrx_word' id='word_1_80' title='bbox 1044 1537 1211 1623; x_wconf 78' lang='lat' dir='ltr'><strong>venerat,</strong></span> <span class='ocrx_word' id='word_1_81' title='bbox 1229 1537 1429 1625; x_wconf 84' lang='lat' dir='ltr'><strong>transpor-</strong></span> 
     </span>
     <span class='ocr_line' id='line_1_12' title="bbox 328 1626 1427 1726; baseline 0 -25"><span class='ocrx_word' id='word_1_82' title='bbox 328 1639 394 1702; x_wconf 90' lang='lat' dir='ltr'><strong>tat.</strong></span> <span class='ocrx_word' id='word_1_83' title='bbox 425 1628 636 1702; x_wconf 89' lang='lat' dir='ltr'><strong>Redeuntos</strong></span> <span class='ocrx_word' id='word_1_84' title='bbox 648 1637 776 1701; x_wconf 90' lang='lat' dir='ltr'><strong>autem</strong></span> <span class='ocrx_word' id='word_1_85' title='bbox 788 1627 978 1702; x_wconf 91' lang='lat' dir='ltr'><strong>Lethones</strong></span> <span class='ocrx_word' id='word_1_86' title='bbox 994 1652 1079 1701; x_wconf 89' lang='lat' dir='ltr'><strong>cum</strong></span> <span class='ocrx_word' id='word_1_87' title='bbox 1094 1626 1247 1702; x_wconf 86' lang='lat' dir='ltr'><strong>infinitis</strong></span> <span class='ocrx_word' id='word_1_88' title='bbox 1262 1627 1427 1726; x_wconf 85' lang='lat' dir='ltr'><strong>captivis</strong></span> 
     </span>
     <span class='ocr_line' id='line_1_13' title="bbox 327 1725 1427 1826; baseline -0.004 -22"><span class='ocrx_word' id='word_1_89' title='bbox 327 1738 366 1804; x_wconf 89' lang='lat' dir='ltr'><strong>et</strong></span> <span class='ocrx_word' id='word_1_90' title='bbox 384 1727 604 1804; x_wconf 86' lang='lat' dir='ltr'><strong>inenarabili</strong></span> <span class='ocrx_word' id='word_1_91' title='bbox 631 1728 747 1826; x_wconf 92' lang='lat' dir='ltr'><strong>preda</strong></span> <span class='ocrx_word' id='word_1_92' title='bbox 769 1752 951 1826; x_wconf 89' lang='lat' dir='ltr'><strong>pecorum</strong></span> <span class='ocrx_word' id='word_1_93' title='bbox 969 1738 1007 1802; x_wconf 91' lang='lat' dir='ltr'><strong>et</strong></span> <span class='ocrx_word' id='word_1_94' title='bbox 1025 1752 1228 1825; x_wconf 74' lang='lat' dir='ltr'><strong>equorum,</strong></span> <span class='ocrx_word' id='word_1_95' title='bbox 1253 1731 1341 1826; x_wconf 90' lang='lat' dir='ltr'><strong>post</strong></span> <span class='ocrx_word' id='word_1_96' title='bbox 1367 1725 1427 1801; x_wconf 93' lang='lat' dir='ltr'><strong>in·</strong></span> 
     </span>
     <span class='ocr_line' id='line_1_14' title="bbox 326 1827 1425 1928; baseline 0 -26"><span class='ocrx_word' id='word_1_97' title='bbox 326 1829 482 1904; x_wconf 87' lang='lat' dir='ltr'><strong>troitum</strong></span> <span class='ocrx_word' id='word_1_98' title='bbox 495 1827 660 1925; x_wconf 89' lang='lat' dir='ltr'><strong>Lyvonie</strong></span> <span class='ocrx_word' id='word_1_99' title='bbox 674 1827 858 1926; x_wconf 92' lang='lat' dir='ltr'><strong>paulatim</strong></span> <span class='ocrx_word' id='word_1_100' title='bbox 874 1828 1023 1903; x_wconf 88' lang='lat' dir='ltr'><strong>devilia</strong></span> <span class='ocrx_word' id='word_1_101' title='bbox 1042 1829 1087 1902; x_wconf 94' lang='lat' dir='ltr'><strong>ad</strong></span> <span class='ocrx_word' id='word_1_102' title='bbox 1101 1828 1231 1902; x_wconf 79' lang='lat' dir='ltr'><strong>villani</strong></span> <span class='ocrx_word' id='word_1_103' title='bbox 1246 1828 1425 1928; x_wconf 81' lang='lat' dir='ltr'><strong>gradien-</strong></span> 
     </span>
     <span class='ocr_line' id='line_1_15' title="bbox 326 1927 1424 2028; baseline 0 -25"><span class='ocrx_word' id='word_1_104' title='bbox 326 1940 397 2028; x_wconf 82' lang='lat' dir='ltr'><strong>tes,</strong></span> <span class='ocrx_word' id='word_1_105' title='bbox 422 1931 575 2004; x_wconf 88' lang='lat' dir='ltr'><strong>tandem</strong></span> <span class='ocrx_word' id='word_1_106' title='bbox 593 1928 638 2002; x_wconf 87' lang='lat' dir='ltr'><strong>ad</strong></span> <span class='ocrx_word' id='word_1_107' title='bbox 658 1940 824 2002; x_wconf 84' lang='lat' dir='ltr'><strong>castrum</strong></span> <span class='ocrx_word' id='word_1_108' title='bbox 844 1927 1032 2027; x_wconf 89' lang='lat' dir='ltr'><strong>Cauponis</strong></span> <span class='ocrx_word' id='word_1_109' title='bbox 1052 1929 1251 2025; x_wconf 79' lang='lat' dir='ltr'><strong>declinant,</strong></span> <span class='ocrx_word' id='word_1_110' title='bbox 1279 1939 1317 2004; x_wconf 90' lang='lat' dir='ltr'><strong>et</strong></span> <span class='ocrx_word' id='word_1_111' title='bbox 1333 1930 1424 2028; x_wconf 88' lang='lat' dir='ltr'><strong>paci</strong></span> 
     </span>
     <span class='ocr_line' id='line_1_16' title="bbox 302 2019 1424 2129; baseline 0.002 -27"><span class='ocrx_word' id='word_1_112' title='bbox 302 2039 308 2054; x_wconf 91' lang='grc'><strong>’</strong></span> <span class='ocrx_word' id='word_1_113' title='bbox 326 2030 522 2128; x_wconf 87' lang='lat' dir='ltr'><strong>Lyvonum</strong></span> <span class='ocrx_word' id='word_1_114' title='bbox 536 2019 768 2105; x_wconf 74' lang='lat' dir='ltr'><strong>conficientes</strong></span> <span class='ocrx_word' id='word_1_115' title='bbox 782 2030 881 2129; x_wconf 88' lang='lat' dir='ltr'><strong>apud</strong></span> <span class='ocrx_word' id='word_1_116' title='bbox 897 2053 963 2103; x_wconf 89' lang='lat' dir='ltr'><strong>eos</strong></span> <span class='ocrx_word' id='word_1_117' title='bbox 981 2041 1092 2105; x_wconf 90' lang='lat' dir='ltr'><strong>nocte</strong></span> <span class='ocrx_word' id='word_1_118' title='bbox 1111 2030 1317 2126; x_wconf 87' lang='lat' dir='ltr'><strong>quiescunt.</strong></span> <span class='ocrx_word' id='word_1_119' title='bbox 1350 2029 1424 2104; x_wconf 91' lang='lat' dir='ltr'><strong>Le-</strong></span> 
     </span>
     <span class='ocr_line' id='line_1_17' title="bbox 324 2128 1423 2229; baseline 0.002 -25"><span class='ocrx_word' id='word_1_120' title='bbox 324 2129 405 2228; x_wconf 83' lang='lat' dir='ltr'><strong>gati</strong></span> <span class='ocrx_word' id='word_1_121' title='bbox 419 2140 546 2204; x_wconf 88' lang='lat' dir='ltr'><strong>autem</strong></span> <span class='ocrx_word' id='word_1_122' title='bbox 558 2129 877 2205; x_wconf 86' lang='lat' dir='ltr'><strong>Theutonicorum</strong></span> <span class='ocrx_word' id='word_1_123' title='bbox 892 2140 930 2206; x_wconf 89' lang='lat' dir='ltr'><strong>et</strong></span> <span class='ocrx_word' id='word_1_124' title='bbox 941 2128 1237 2229; x_wconf 82' lang='lat' dir='ltr'><strong>Semigallorum</strong></span> <span class='ocrx_word' id='word_1_125' title='bbox 1256 2129 1423 2206; x_wconf 86' lang='lat' dir='ltr'><strong>discrete</strong></span> 
     </span>
     <span class='ocr_line' id='line_1_18' title="bbox 324 2230 1423 2329; baseline 0.002 -27"><span class='ocrx_word' id='word_1_126' title='bbox 324 2230 486 2304; x_wconf 90' lang='lat' dir='ltr'><strong>reditum</strong></span> <span class='ocrx_word' id='word_1_127' title='bbox 517 2254 648 2305; x_wconf 89' lang='lat' dir='ltr'><strong>eorum</strong></span> <span class='ocrx_word' id='word_1_128' title='bbox 678 2230 934 2329; x_wconf 81' lang='lat' dir='ltr'><strong>percunctati,</strong></span> <span class='ocrx_word' id='word_1_129' title='bbox 966 2230 1147 2306; x_wconf 82' lang='lat' dir='ltr'><strong>exercitui</strong></span> <span class='ocrx_word' id='word_1_130' title='bbox 1176 2255 1246 2305; x_wconf 88' lang='lat' dir='ltr'><strong>suo</strong></span> <span class='ocrx_word' id='word_1_131' title='bbox 1278 2231 1423 2306; x_wconf 91' lang='lat' dir='ltr'><strong>denun-</strong></span> 
     </span>
     <span class='ocr_line' id='line_1_19' title="bbox 325 2329 1421 2429; baseline 0.001 -25"><span class='ocrx_word' id='word_1_132' title='bbox 325 2330 438 2428; x_wconf 77' lang='lat' dir='ltr'><strong>ciant,</strong></span> <span class='ocrx_word' id='word_1_133' title='bbox 470 2341 508 2406; x_wconf 87' lang='lat' dir='ltr'><strong>et</strong></span> <span class='ocrx_word' id='word_1_134' title='bbox 533 2332 653 2406; x_wconf 87' lang='lat' dir='ltr'><strong>altera</strong></span> <span class='ocrx_word' id='word_1_135' title='bbox 677 2330 736 2405; x_wconf 85' lang='lat' dir='ltr'><strong>die</strong></span> <span class='ocrx_word' id='word_1_136' title='bbox 760 2329 885 2404; x_wconf 92' lang='lat' dir='ltr'><strong>nuncii</strong></span> <span class='ocrx_word' id='word_1_137' title='bbox 911 2329 975 2407; x_wconf 87' lang='lat' dir='ltr'><strong>alii</strong></span> <span class='ocrx_word' id='word_1_138' title='bbox 1020 2330 1139 2405; x_wconf 86' lang='lat' dir='ltr'><strong>riores</strong></span> <span class='ocrx_word' id='word_1_139' title='bbox 1157 2331 1421 2429; x_wconf 76' lang='lat' dir='ltr'><strong>insequuntur,</strong></span> 
     </span>
     <span class='ocr_line' id='line_1_20' title="bbox 323 2357 1419 2530; baseline -0.001 -25"><span class='ocrx_word' id='word_1_140' title='bbox 323 2431 387 2528; x_wconf 87' lang='lat' dir='ltr'><strong>qui</strong></span> <span class='ocrx_word' id='word_1_141' title='bbox 418 2429 618 2507; x_wconf 88' lang='lat' dir='ltr'><strong>Lethones</strong></span> <span class='ocrx_word' id='word_1_142' title='bbox 637 2456 705 2530; x_wconf 88' lang='lat' dir='ltr'><strong>per</strong></span> <span class='ocrx_word' id='word_1_143' title='bbox 736 2431 959 2530; x_wconf 87' lang='lat' dir='ltr'><strong>compendia</strong></span> <span class='ocrx_word' id='word_1_144' title='bbox 989 2357 1253 2530; x_wconf 76' lang='lat' dir='ltr'><strong>lodenpoys⁷⁴</strong></span> <span class='ocrx_word' id='word_1_145' title='bbox 1281 2456 1419 2506; x_wconf 84' lang='lat' dir='ltr'><strong>versus</strong></span> 
     </span>
     <span class='ocr_line' id='line_1_21' title="bbox 323 2531 1419 2608; baseline -0.001 -2"><span class='ocrx_word' id='word_1_146' title='bbox 323 2532 510 2607; x_wconf 87' lang='lat' dir='ltr'><strong>Ykescola</strong></span> <span class='ocrx_word' id='word_1_147' title='bbox 522 2542 709 2608; x_wconf 88' lang='lat' dir='ltr'><strong>testantur</strong></span> <span class='ocrx_word' id='word_1_148' title='bbox 721 2532 818 2607; x_wconf 86' lang='lat' dir='ltr'><strong>velle</strong></span> <span class='ocrx_word' id='word_1_149' title='bbox 831 2531 963 2608; x_wconf 90' lang='lat' dir='ltr'><strong>redire.</strong></span> <span class='ocrx_word' id='word_1_150' title='bbox 991 2531 1071 2606; x_wconf 89' lang='lat' dir='ltr'><strong>Hiis</strong></span> <span class='ocrx_word' id='word_1_151' title='bbox 1085 2531 1298 2608; x_wconf 86' lang='lat' dir='ltr'><strong>rumoribus</strong></span> <span class='ocrx_word' id='word_1_152' title='bbox 1312 2533 1419 2605; x_wconf 90' lang='lat' dir='ltr'><strong>audi·</strong></span> 
     </span>
     <span class='ocr_line' id='line_1_22' title="bbox 323 2630 1418 2732; baseline 0.001 -27"><span class='ocrx_word' id='word_1_153' title='bbox 323 2630 384 2732; x_wconf 80' lang='lat' dir='ltr'><strong>tis,</strong></span> <span class='ocrx_word' id='word_1_154' title='bbox 411 2632 586 2708; x_wconf 88' lang='lat' dir='ltr'><strong>universa</strong></span> <span class='ocrx_word' id='word_1_155' title='bbox 605 2631 799 2708; x_wconf 78' lang='lat' dir='ltr'><strong>malewa⁷⁵</strong></span> <span class='ocrx_word' id='word_1_156' title='bbox 823 2632 1026 2707; x_wconf 85' lang='lat' dir='ltr'><strong>letificatur</strong></span> <span class='ocrx_word' id='word_1_157' title='bbox 1043 2642 1082 2707; x_wconf 87' lang='lat' dir='ltr'><strong>et</strong></span> <span class='ocrx_word' id='word_1_158' title='bbox 1101 2631 1273 2707; x_wconf 87' lang='lat' dir='ltr'><strong>certatim</strong></span> <span class='ocrx_word' id='word_1_159' title='bbox 1294 2632 1418 2730; x_wconf 87' lang='lat' dir='ltr'><strong>quivis</strong></span> 
     </span>
     <span class='ocr_line' id='line_1_23' title="bbox 322 2729 1468 2832; baseline -0.003 -26"><span class='ocrx_word' id='word_1_160' title='bbox 322 2732 369 2806; x_wconf 90' lang='lat' dir='ltr'><strong>ad</strong></span> <span class='ocrx_word' id='word_1_161' title='bbox 396 2759 564 2832; x_wconf 84' lang='lat' dir='ltr'><strong>pugnam</strong></span> <span class='ocrx_word' id='word_1_162' title='bbox 589 2742 824 2832; x_wconf 86' lang='lat' dir='ltr'><strong>preparatur.</strong></span> <span class='ocrx_word' id='word_1_163' title='bbox 863 2729 1076 2808; x_wconf 74' lang='lat' dir='ltr'><strong>&#39;venientes</strong></span> <span class='ocrx_word' id='word_1_164' title='bbox 1109 2759 1201 2832; x_wconf 84' lang='lat' dir='ltr'><strong>ergo</strong></span> <span class='ocrx_word' id='word_1_165' title='bbox 1226 2733 1418 2808; x_wconf 89' lang='lat' dir='ltr'><strong>Lethones</strong></span> <span class='ocrx_word' id='word_1_166' title='bbox 1465 2795 1468 2802; x_wconf 90' lang='lat'><em>.</em></span> 
     </span>
     <span class='ocr_line' id='line_1_24' title="bbox 323 2832 1418 2933; baseline 0.001 -26"><span class='ocrx_word' id='word_1_167' title='bbox 323 2858 411 2908; x_wconf 93' lang='lat' dir='ltr'><strong>cum</strong></span> <span class='ocrx_word' id='word_1_168' title='bbox 428 2844 508 2909; x_wconf 90' lang='lat' dir='ltr'><strong>tota</strong></span> <span class='ocrx_word' id='word_1_169' title='bbox 527 2836 645 2933; x_wconf 89' lang='lat' dir='ltr'><strong>preda</strong></span> <span class='ocrx_word' id='word_1_170' title='bbox 662 2843 700 2909; x_wconf 89' lang='lat' dir='ltr'><strong>et</strong></span> <span class='ocrx_word' id='word_1_171' title='bbox 718 2832 890 2932; x_wconf 72' lang='lat' dir='ltr'><strong>captiviS,</strong></span> <span class='ocrx_word' id='word_1_172' title='bbox 908 2833 971 2931; x_wconf 91' lang='lat' dir='ltr'><strong>qui</strong></span> <span class='ocrx_word' id='word_1_173' title='bbox 989 2833 1240 2908; x_wconf 85' lang='lat' dir='ltr'><strong>millenarium</strong></span> <span class='ocrx_word' id='word_1_174' title='bbox 1260 2857 1418 2933; x_wconf 88' lang='lat' dir='ltr'><strong>supera-</strong></span> 
     </span>
     <span class='ocr_line' id='line_1_25' title="bbox 324 2932 1417 3032; baseline 0 -24"><span class='ocrx_word' id='word_1_175' title='bbox 324 2935 413 3032; x_wconf 81' lang='lat' dir='ltr'><strong>bant</strong></span> <span class='ocrx_word' id='word_1_176' title='bbox 434 2959 655 3032; x_wconf 76' lang='lat' dir='ltr'><strong>numerum,</strong></span> <span class='ocrx_word' id='word_1_177' title='bbox 679 2933 893 3011; x_wconf 74' lang='lat' dir='ltr'><strong>,exercitum</strong></span> <span class='ocrx_word' id='word_1_178' title='bbox 919 2956 1031 3024; x_wconf 88' lang='lat' dir='ltr'><strong>suum</strong></span> <span class='ocrx_word' id='word_1_179' title='bbox 1057 2933 1225 3009; x_wconf 90' lang='lat' dir='ltr'><strong>dividunt</strong></span> <span class='ocrx_word' id='word_1_180' title='bbox 1251 2932 1289 3007; x_wconf 93' lang='lat' dir='ltr'><strong>in</strong></span> <span class='ocrx_word' id='word_1_181' title='bbox 1320 2934 1417 3008; x_wconf 90' lang='lat' dir='ltr'><strong>duas</strong></span> 
     </span>
     <span class='ocr_line' id='line_1_26' title="bbox 321 3034 1417 3134; baseline 0 -26"><span class='ocrx_word' id='word_1_182' title='bbox 321 3045 463 3134; x_wconf 52' lang='lat' dir='ltr'><strong>partem</strong></span> <span class='ocrx_word' id='word_1_183' title='bbox 489 3035 590 3111; x_wconf 89' lang='lat' dir='ltr'><strong>etin</strong></span> <span class='ocrx_word' id='word_1_184' title='bbox 615 3034 738 3109; x_wconf 87' lang='lat' dir='ltr'><strong>medio</strong></span> <span class='ocrx_word' id='word_1_185' title='bbox 767 3034 937 3134; x_wconf 88' lang='lat' dir='ltr'><strong>captivos</strong></span> <span class='ocrx_word' id='word_1_186' title='bbox 963 3034 1235 3110; x_wconf 88' lang='lat' dir='ltr'><strong>constituentes</strong></span> <span class='ocrx_word' id='word_1_187' title='bbox 1260 3045 1417 3134; x_wconf 88' lang='lat' dir='ltr'><strong>propter</strong></span> 
     </span>
     <span class='ocr_line' id='line_1_27' title="bbox 322 3133 1472 3236; baseline 0 -28"><span class='ocrx_word' id='word_1_188' title='bbox 322 3135 476 3210; x_wconf 91' lang='lat' dir='ltr'><strong>nimiam</strong></span> <span class='ocrx_word' id='word_1_189' title='bbox 501 3135 794 3236; x_wconf 85' lang='lat' dir='ltr'><strong>profunditatem</strong></span> <span class='ocrx_word' id='word_1_190' title='bbox 817 3133 912 3210; x_wconf 91' lang='lat' dir='ltr'><strong>nivis</strong></span> <span class='ocrx_word' id='word_1_191' title='bbox 930 3161 998 3234; x_wconf 88' lang='lat' dir='ltr'><strong>per</strong></span> <span class='ocrx_word' id='word_1_192' title='bbox 1017 3160 1130 3210; x_wconf 89' lang='lat' dir='ltr'><strong>unam</strong></span> <span class='ocrx_word' id='word_1_193' title='bbox 1148 3145 1295 3232; x_wconf 86' lang='lat' dir='ltr'><strong>tanturn</strong></span> <span class='ocrx_word' id='word_1_194' title='bbox 1313 3135 1414 3210; x_wconf 89' lang='lat' dir='ltr'><strong>viam</strong></span> <span class='ocrx_word' id='word_1_195' title='bbox 1467 3142 1472 3151; x_wconf 91' lang='lat'>&#39;</span> 
     </span>
     <span class='ocr_line' id='line_1_28' title="bbox 321 3234 1414 3336; baseline 0 -26"><span class='ocrx_word' id='word_1_196' title='bbox 321 3235 462 3336; x_wconf 83' lang='lat' dir='ltr'><strong>singuli</strong></span> <span class='ocrx_word' id='word_1_197' title='bbox 476 3237 709 3335; x_wconf 82' lang='lat' dir='ltr'><strong>gradiuntur.</strong></span> <span class='ocrx_word' id='word_1_198' title='bbox 741 3234 815 3310; x_wconf 89' lang='lat' dir='ltr'><strong>Sed</strong></span> <span class='ocrx_word' id='word_1_199' title='bbox 831 3260 919 3310; x_wconf 87' lang='lat' dir='ltr'><strong>mox</strong></span> <span class='ocrx_word' id='word_1_200' title='bbox 932 3247 974 3310; x_wconf 91' lang='lat' dir='ltr'><strong>ut</strong></span> <span class='ocrx_word' id='word_1_201' title='bbox 986 3236 1098 3336; x_wconf 93' lang='lat' dir='ltr'><strong>primi</strong></span> <span class='ocrx_word' id='word_1_202' title='bbox 1111 3235 1414 3334; x_wconf 84' lang='lat' dir='ltr'><strong>eorumvestigia</strong></span> 
     </span>
     <span class='ocr_line' id='line_1_29' title="bbox 321 3334 1415 3436; baseline -0.002 -26"><span class='ocrx_word' id='word_1_203' title='bbox 321 3335 609 3435; x_wconf 88' lang='lat' dir='ltr'><strong>precedencium</strong></span> <span class='ocrx_word' id='word_1_204' title='bbox 636 3334 848 3435; x_wconf 83' lang='lat' dir='ltr'><strong>reperiunt,</strong></span> <span class='ocrx_word' id='word_1_205' title='bbox 883 3336 1038 3411; x_wconf 90' lang='lat' dir='ltr'><strong>insidias</strong></span> <span class='ocrx_word' id='word_1_206' title='bbox 1065 3337 1302 3436; x_wconf 86' lang='lat' dir='ltr'><strong>suspicantes</strong></span> <span class='ocrx_word' id='word_1_207' title='bbox 1330 3339 1415 3410; x_wconf 89' lang='lat' dir='ltr'><strong>sub-</strong></span> 
     </span>
     <span class='ocr_line' id='line_1_30' title="bbox 321 3435 1414 3537; baseline -0.002 -27"><span class='ocrx_word' id='word_1_208' title='bbox 321 3435 472 3533; x_wconf 77' lang='lat' dir='ltr'><strong>sistunt,</strong></span> <span class='ocrx_word' id='word_1_209' title='bbox 487 3448 525 3512; x_wconf 88' lang='lat' dir='ltr'><strong>et</strong></span> <span class='ocrx_word' id='word_1_210' title='bbox 536 3437 588 3509; x_wconf 88' lang='lat' dir='ltr'><strong>ita</strong></span> <span class='ocrx_word' id='word_1_211' title='bbox 602 3437 782 3535; x_wconf 88' lang='lat' dir='ltr'><strong>postremi</strong></span> <span class='ocrx_word' id='word_1_212' title='bbox 796 3461 882 3510; x_wconf 92' lang='lat' dir='ltr'><strong>cum</strong></span> <span class='ocrx_word' id='word_1_213' title='bbox 896 3438 1054 3536; x_wconf 89' lang='lat' dir='ltr'><strong>captivis</strong></span> <span class='ocrx_word' id='word_1_214' title='bbox 1069 3438 1211 3537; x_wconf 87' lang='lat' dir='ltr'><strong>primos</strong></span> <span class='ocrx_word' id='word_1_215' title='bbox 1225 3436 1414 3534; x_wconf 89' lang='lat' dir='ltr'><strong>insequuti</strong></span> 
     </span>
     <span class='ocr_line' id='line_1_31' title="bbox 320 3535 1475 3636; baseline 0 -27"><span class='ocrx_word' id='word_1_216' title='bbox 320 3537 359 3610; x_wconf 94' lang='lat' dir='ltr'><strong>in</strong></span> <span class='ocrx_word' id='word_1_217' title='bbox 386 3561 502 3611; x_wconf 94' lang='lat' dir='ltr'><strong>unum</strong></span> <span class='ocrx_word' id='word_1_218' title='bbox 529 3537 759 3635; x_wconf 81' lang='lat' dir='ltr'><strong>colliguntur</strong></span> <span class='ocrx_word' id='word_1_219' title='bbox 790 3561 964 3612; x_wconf 91' lang='lat' dir='ltr'><strong>cuneum.</strong></span> <span class='ocrx_word' id='word_1_220' title='bbox 1012 3539 1183 3636; x_wconf 83' lang='lat' dir='ltr'><strong>Quorum</strong></span> <span class='ocrx_word' id='word_1_221' title='bbox 1209 3535 1415 3612; x_wconf 88' lang='lat' dir='ltr'><strong>multitudi-</strong></span> <span class='ocrx_word' id='word_1_222' title='bbox 1470 3592 1475 3601; x_wconf 89' lang='lat'><em>.</em></span> 
     </span>
     <span class='ocr_line' id='line_1_32' title="bbox 320 3636 1415 3738; baseline -0.002 -27"><span class='ocrx_word' id='word_1_223' title='bbox 320 3662 409 3713; x_wconf 90' lang='lat' dir='ltr'><strong>nem</strong></span> <span class='ocrx_word' id='word_1_224' title='bbox 435 3636 632 3737; x_wconf 79' lang='lat' dir='ltr'><strong>Semigalli</strong></span> <span class='ocrx_word' id='word_1_225' title='bbox 658 3637 840 3737; x_wconf 79' lang='lat' dir='ltr'><strong>videntes,</strong></span> <span class='ocrx_word' id='word_1_226' title='bbox 866 3639 994 3737; x_wconf 88' lang='lat' dir='ltr'><strong>plures</strong></span> <span class='ocrx_word' id='word_1_227' title='bbox 1021 3663 1066 3714; x_wconf 86' lang='lat' dir='ltr'><strong>ex</strong></span> <span class='ocrx_word' id='word_1_228' title='bbox 1091 3639 1182 3738; x_wconf 91' lang='lat' dir='ltr'><strong>ipsis</strong></span> <span class='ocrx_word' id='word_1_229' title='bbox 1200 3637 1415 3714; x_wconf 84' lang='lat' dir='ltr'><strong>tremefacti</strong></span> 
     </span>
     <span class='ocr_line' id='line_1_33' title="bbox 320 3739 1415 3837; baseline -0.001 -23"><span class='ocrx_word' id='word_1_230' title='bbox 320 3748 360 3814; x_wconf 88' lang='lat' dir='ltr'><strong>et</strong></span> <span class='ocrx_word' id='word_1_231' title='bbox 383 3761 553 3837; x_wconf 82' lang='lat' dir='ltr'><strong>pugnare</strong></span> <span class='ocrx_word' id='word_1_232' title='bbox 580 3761 655 3811; x_wconf 91' lang='lat' dir='ltr'><strong>non</strong></span> <span class='ocrx_word' id='word_1_233' title='bbox 679 3739 860 3813; x_wconf 86' lang='lat' dir='ltr'><strong>audentes</strong></span> <span class='ocrx_word' id='word_1_234' title='bbox 886 3739 931 3813; x_wconf 90' lang='lat' dir='ltr'><strong>ad</strong></span> <span class='ocrx_word' id='word_1_235' title='bbox 957 3739 1097 3814; x_wconf 86' lang='lat' dir='ltr'><strong>tutiora</strong></span> <span class='ocrx_word' id='word_1_236' title='bbox 1119 3741 1203 3812; x_wconf 91' lang='lat' dir='ltr'><strong>loca</strong></span> <span class='ocrx_word' id='word_1_237' title='bbox 1228 3740 1415 3814; x_wconf 89' lang='lat' dir='ltr'><strong>divertere</strong></span> 
     </span>
     <span class='ocr_line' id='line_1_34' title="bbox 272 3837 1415 3937; baseline 0.003 -26"><span class='ocrx_word' id='word_1_238' title='bbox 272 3916 273 3921; x_wconf 54' lang='grc'>,</span> <span class='ocrx_word' id='word_1_239' title='bbox 319 3847 492 3937; x_wconf 89' lang='lat' dir='ltr'><strong>querunt.</strong></span> <span class='ocrx_word' id='word_1_240' title='bbox 528 3837 818 3915; x_wconf 89' lang='lat' dir='ltr'><strong>Considerantes</strong></span> <span class='ocrx_word' id='word_1_241' title='bbox 831 3839 905 3914; x_wconf 93' lang='lat' dir='ltr'><strong>hoc</strong></span> <span class='ocrx_word' id='word_1_242' title='bbox 918 3840 1070 3936; x_wconf 89' lang='lat' dir='ltr'><strong>quidam</strong></span> <span class='ocrx_word' id='word_1_243' title='bbox 1084 3865 1131 3916; x_wconf 84' lang='lat' dir='ltr'><strong>ex</strong></span> <span class='ocrx_word' id='word_1_244' title='bbox 1143 3840 1415 3914; x_wconf 88' lang='lat' dir='ltr'><strong>Theuthonicis</strong></span> 
     </span>
    </p>
   </div>
   <div class='ocr_carea' id='block_1_4' title="bbox 318 4019 1416 4239">
    <p class='ocr_par' dir='ltr' id='par_1_4' title="bbox 318 4019 1416 4239">
     <span class='ocr_line' id='line_1_35' title="bbox 319 4019 1416 4094; baseline 0.003 -20"><span class='ocrx_word' id='word_1_245' title='bbox 319 4019 365 4092; x_wconf 78' lang='lat'><strong>74)</strong></span> <span class='ocrx_word' id='word_1_246' title='bbox 384 4021 460 4094; x_wconf 75' lang='lat' dir='ltr'><strong>vicus</strong></span> <span class='ocrx_word' id='word_1_247' title='bbox 479 4021 543 4076; x_wconf 91' lang='lat' dir='ltr'><strong>olim</strong></span> <span class='ocrx_word' id='word_1_248' title='bbox 559 4023 592 4076; x_wconf 84' lang='lat' dir='ltr'><strong>ad</strong></span> <span class='ocrx_word' id='word_1_249' title='bbox 612 4023 699 4076; x_wconf 85' lang='lat' dir='ltr'><strong>lacum</strong></span> <span class='ocrx_word' id='word_1_250' title='bbox 716 4021 839 4092; x_wconf 69' lang='lat' dir='ltr'><strong>ligelsee</strong></span> <span class='ocrx_word' id='word_1_251' title='bbox 855 4024 950 4086; x_wconf 84' lang='lat' dir='ltr'><strong>situm;</strong></span> <span class='ocrx_word' id='word_1_252' title='bbox 970 4024 1109 4094; x_wconf 84' lang='lat' dir='ltr'><strong>praedium</strong></span> <span class='ocrx_word' id='word_1_253' title='bbox 1124 4024 1196 4094; x_wconf 90' lang='lat' dir='ltr'><strong>quod</strong></span> <span class='ocrx_word' id='word_1_254' title='bbox 1210 4041 1283 4077; x_wconf 88' lang='lat' dir='ltr'><strong>nunc</strong></span> <span class='ocrx_word' id='word_1_255' title='bbox 1295 4022 1416 4078; x_wconf 77' lang='lat' dir='ltr'><strong>Rodeu-&#39;</strong></span> 
     </span>
     <span class='ocr_line' id='line_1_36' title="bbox 318 4094 1414 4220; baseline 0.004 -72"><span class='ocrx_word' id='word_1_256' title='bbox 318 4094 554 4220; x_wconf 64' lang='lat' dir='ltr'><strong>ppisnominatur</strong></span> <span class='ocrx_word' id='word_1_257' title='bbox 572 4097 670 4150; x_wconf 84' lang='lat' dir='ltr'><strong>cadom</strong></span> <span class='ocrx_word' id='word_1_258' title='bbox 686 4097 713 4150; x_wconf 89' lang='lat' dir='ltr'><strong>in</strong></span> <span class='ocrx_word' id='word_1_259' title='bbox 733 4096 847 4166; x_wconf 79' lang='lat' dir='ltr'><strong>regione</strong></span> <span class='ocrx_word' id='word_1_260' title='bbox 865 4096 944 4150; x_wconf 79' lang='lat' dir='ltr'><strong>citum</strong></span> <span class='ocrx_word' id='word_1_261' title='bbox 965 4105 1006 4151; x_wconf 78' lang='lat' dir='ltr'><strong>est</strong></span> <span class='ocrx_word' id='word_1_262' title='bbox 1024 4096 1094 4152; x_wconf 87' lang='lat' dir='ltr'><strong>inter</strong></span> <span class='ocrx_word' id='word_1_263' title='bbox 1108 4095 1227 4152; x_wconf 86' lang='lat' dir='ltr'><strong>Treiden</strong></span> <span class='ocrx_word' id='word_1_264' title='bbox 1248 4106 1275 4151; x_wconf 83' lang='lat' dir='ltr'><strong>et</strong></span> <span class='ocrx_word' id='word_1_265' title='bbox 1288 4094 1414 4154; x_wconf 80' lang='lat' dir='ltr'><strong>chkiill.</strong></span> 
     </span>
     <span class='ocr_line' id='line_1_37' title="bbox 356 4168 607 4239; baseline 0 -16"><span class='ocrx_word' id='word_1_266' title='bbox 356 4168 401 4239; x_wconf 72' lang='lat' dir='ltr'><strong>ir.</strong></span> <span class='ocrx_word' id='word_1_267' title='bbox 422 4185 446 4223; x_wconf 86' lang='lat' dir='ltr'><strong>e.</strong></span> <span class='ocrx_word' id='word_1_268' title='bbox 466 4177 607 4224; x_wconf 78' lang='lat' dir='ltr'><strong>exercitus.</strong></span> 
     </span>
    </p>
   </div>
   <div class='ocr_carea' id='block_1_5' title="bbox 0 0 1512 5016">
    <p class='ocr_par' dir='ltr' id='par_1_5' title="bbox 0 0 1512 5016">
     <span class='ocr_line' id='line_1_38' title="bbox 0 0 1512 5016; baseline 0 4"><span class='ocrx_word' id='word_1_269' title='bbox 0 0 1512 5016; x_wconf 95' lang='lat' dir='ltr'><strong> </strong></span> 
     </span>
    </p>
   </div>
  </div>
 </body>
</html>
