3104 5012
315 491 529 568 HElNRlCl
559 492 837 594 CHRONICON
863 491 1115 568 LYVONIAE.
1188 498 1259 571 115

158 694 364 768 crudeliter
392 695 661 768 cruciaverunt.
705 693 752 769 Et
776 696 928 769 tandem
957 693 1151 768 securibus
1178 695 1256 769 suis

158 794 258 868 inter
273 795 437 868 medium
452 796 691 892 scapularum
706 818 772 869 eos
788 806 960 869 secantes
975 794 1255 890 interfecerunt,

159 905 199 968 et
225 895 262 966 in
287 907 496 990 martyrum
515 895 752 968 consorcium
780 895 927 968 animas
955 919 1087 970 eorum
1114 896 1255 991 absque

156 996 264 1067 omni
283 996 393 1068 dubio
412 994 452 1067 in
470 996 594 1069 celum
612 995 913 1091 transmiserunt,
932 995 1159 1094 proicientes
1175 1019 1256 1068 cor-

158 1118 253 1192 pora
272 1119 416 1191 eorum,
444 1095 541 1168 sicut
564 1095 842 1195 scriptumest:
878 1097 1014 1170 carnes
1040 1097 1349 1202 sanctorum132·ga

156 1201 307 1268 tuorum
337 1193 458 1269 bestiis
489 1203 602 1292 terre,
641 1195 848 1285 effuderunt
883 1197 1097 1291 sanquinem
1126 1219 1252 1268 eorum
1287 1189 1293 1201 ’

156 1302 348 1392 tamquam
371 1319 506 1392 uquam
534 1300 571 1368 iu
599 1299 753 1370 circuitu
777 1297 987 1392 Ierusalem,
1013 1303 1050 1369 el
1071 1318 1144 1368 non
1171 1303 1254 1369 erut

153 1398 220 1492 qui
232 1395 405 1488 sepeliret.
442 1395 613 1492 Lyvones
631 1421 780 1492 quoque
794 1397 978 1493 quosdam
993 1419 1122 1469 secum
1136 1397 1252 1494 capti·

155 1519 225 1568 vos
251 1496 483 1569 deduxerunt
509 1497 547 1568 in
571 1495 741 1594 Osdiam,
769 1497 830 1594 qui
855 1506 942 1594 post
959 1495 1119 1571 reditum
1139 1519 1250 1569 suum

154 1594 265 1668 nobis
284 1598 410 1669 omnia
428 1597 595 1695 predicta
613 1597 833 1671 retulerunt.
1141 1657 1143 1662 ,

99 1781 103 1786 ⁴
233 1697 457 1792 Meynardus
472 1722 622 1794 quoque
640 1699 687 1770 dc
699 1697 903 1792 Kukenoys
922 1720 1007 1768 cum
1027 1696 1309 1797 commilito-(9.)

154 1794 264 1869 nibus
291 1797 369 1869 suis
397 1797 550 1895 collegit
573 1797 710 1870 iterum
734 1797 940 1872 exercitum
963 1807 1093 1870 contra
1118 1820 1247 1894 regem

150 1896 440 1972 Wissewalduun
466 1898 512 1971 dc
539 1897 710 1971 Gercilre.
752 1898 800 1968 Et
817 1895 957 1970 audivit
982 1897 1248 1969 Wissewaldus

151 2007 194 2068 ct
207 1997 310 2069 misit
321 1997 478 2070 nuncios
492 1997 710 2095 Letonibus,
729 1997 792 2094 qui
808 2007 989 2070 venerunt
1002 2007 1040 2070 et
1055 2006 1248 2094 exspecta-

152 2108 289 2170 verunt
307 2121 374 2171 eos
402 2107 505 2171 trans
524 2097 686 2193 Dunam,
713 2110 751 2172 et
768 2097 980 2171 nescientes
1000 2119 1065 2170 eos
1090 2097 1156 2192 illi,
1184 2097 1246 2194 qui

151 2208 262 2269 erant
280 2222 367 2272 cum
381 2199 597 2294 Meynardo,
615 2209 800 2272 venerunt
818 2208 855 2270 et
873 2206 1054 2296 ceperunt
1073 2197 1246 2291 Gercike,

151 2307 191 2370 ct
208 2298 377 2371 tulerunt
394 2299 550 2396 predam
567 2321 747 2396 magnam
767 2309 804 2372 et
822 2322 938 2395 equos
958 2307 996 2371 et
1013 2320 1162 2395 pecora.
1200 2297 1247 2368 Et

150 2409 408 2495 apparuerunt
420 2399 584 2472 Letones
599 2424 645 2472 ex
659 2399 778 2472 altero
792 2398 918 2472 littore
931 2398 1038 2470 Duue
1053 2406 1245 2494 rogantem

150 2506 193 2570 ut
216 2522 332 2571 naves
357 2499 411 2572 eis
431 2499 629 2596 adducant,
658 2509 698 2571 ut
722 2499 872 2572 veniant
891 2498 937 2572 ad
965 2519 1031 2570 eos
1057 2521 1125 2595 pro
1150 2520 1244 2593 pace
1371 2495 1374 2503 ’

149 2600 376 2671 renovanda.
443 2598 611 2686 Quorum
646 2599 769 2672 verbis
804 2597 1052 2671 fraudulentis
1086 2595 1244 2669 nimium

149 2698 293 2771 creduli
320 2697 511 2797 simplices
539 2722 653 2773 naves
679 2699 732 2773 eis
759 2698 1029 2795 transmittunt,
1056 2706 1094 2771 et
1118 2695 1245 2768 statim

148 2809 390 2872 transeuntes
408 2799 582 2896 Lacones,
610 2810 648 2872 et
666 2799 728 2871 alii
747 2799 842 2871 alios
860 2799 1146 2870 transducentes
1164 2796 1245 2893 plu-

149 2921 211 2971 res
239 2909 277 2972 et
307 2899 434 2996 plures
466 2901 756 2996 subsequuntur.
801 2899 967 2971 Tandem
994 2897 1115 2970 omnis
1141 2921 1245 2970 exer·

149 2997 246 3070 citus
266 2998 303 3070 iu
319 2999 467 3072 Dunam
482 3023 523 3072 se
536 2999 725 3097 proiciens
740 3009 976 3072 transnatare
991 2997 1091 3096 cepit
1105 2997 1150 3071 ad
1166 3019 1243 3071 eos.

149 3097 319 3186 Quorum
352 3099 630 3173 multitudinem
663 3099 833 3174 videntes
866 3099 1005 3173 milites
1040 3109 1078 3173 et
1112 3121 1244 3172 eorum

149 3195 366 3271 conflictum
393 3210 593 3297 expectare
619 3211 812 3296 verentes7
845 3201 995 3298 navigio
1021 3199 1171 3295 quidam
1198 3223 1244 3272 ex

149 3297 205 3371 eis
231 3297 379 3371 Dunam
405 3301 637 3373 descendunt
663 3309 700 3373 et
727 3300 809 3372 sani
835 3299 873 3372 in
891 3299 1094 3394 Kukenoys
1120 3321 1244 3372 rever·

148 3406 291 3494 tuctur,
318 3399 381 3471 alii
407 3423 494 3472 cum
511 3399 630 3473 Lettis
648 3424 715 3498 per
733 3400 833 3473 viam
860 3400 1060 3472 redeuntes
1087 3421 1110 3470 a
1134 3397 1244 3471 Leto-

148 3497 257 3570 nibus
282 3509 372 3596 vpost
397 3510 546 3596 tergum
573 3500 854 3598 impugnantur,
890 3510 928 3572 et
951 3498 1121 3572 videntes
1145 3496 1244 3571 Letti

148 3621 303 3670 suorum
335 3599 584 3698 paucitatem,
624 3600 662 3672 in
693 3601 824 3697 fugam
854 3608 1133 3672 convertuntur.
1196 3597 1244 3668 Et

148 3709 363 3796 pugnantes
390 3699 542 3795 milites2
572 3700 809 3795 Meynardus‚
841 3698 1027 3772 lohannes
1058 3706 1096 3770 et
1120 3697 1243 3769 lorda-

147 3820 232 3893 nus,
259 3807 297 3871 et
315 3823 389 3872 non
406 3801 576 3873 valentes
601 3808 706 3872 tanto
726 3798 904 3873 exercitui
930 3798 1120 3893 resistere,
1147 3795 1243 3870 ceci·

147 3899 284 3970 derunt
313 3901 466 3973 tandem
494 3899 680 3973 interfecti
713 3900 758 3972 ab
790 3898 856 3972 eis.
915 3898 964 3971 Et
993 3897 1134 3971 audivit
1164 3896 1241 3996 cpi-

146 4021 288 4095 scopus
307 4011 345 4072 ct
361 3999 559 4098 Rigenses2
586 4009 624 4074 et
640 4001 821 4097 lugebant
838 4021 905 4072 eos
924 3998 1109 4072 dicentes:
1145 3996 1360 4112 Quo-{2235-

145 4097 259 4269 papldo
284 4098 494 4270 pccideruul
514 4103 630 4186 fortes
656 4102 694 4172 iu
723 4097 815 4172 dello
842 4106 877 4172 el
898 4102 1111 4172 interierunt
1133 4121 1241 4172 uruca

171 4221 191 4272 e
219 4219 277 4270 acu
