3104 5012
876 283 884 318 i

351 502 422 574 144
490 497 702 571 Hututtlct
730 496 1008 574 CHRONICON
1035 499 1289 575 Ltvootmtt.

346 700 507 774 transito
525 698 605 793 rivo
624 699 671 771 ad
686 700 971 797 explorandum,
988 699 1161 796 Lyvones
1175 701 1222 775 de
1235 701 1444 800 longinquo
1537 765 1539 780 .

347 800 539 894 circuibat,
557 810 596 873 et
613 823 816 874 occurrens
834 799 868 874 ei
886 799 1142 876 Theodericus
1161 803 1206 876 de
1225 801 1444 900 Kukenoys,
1537 833 1539 858 ε

341 899 553 997 dexteram,
568 925 640 997 qua
654 901 822 999 gladium
836 902 1000 997 tenebat,
1014 902 1234 1000 amputavit,
1247 913 1286 976 ct
1300 903 1446 1000 fugieu·
1536 937 1539 972 -2

346 1011 424 1075 tem
443 1002 666 1098 insequutus
683 1001 882 1099 percussit.
928 1001 1052 1076 Ceteri
1080 1013 1229 1076 ceteros
1247 1003 1446 1078 interfece·
1536 1055 1539 1108 t

347 1113 452 1194 ruut3
489 1103 702 1201 quicunque
731 1100 886 1175 fluvium
919 1102 965 1175 ad
996 1125 1063 1175 eos
1089 1104 1361 1200 transiverunt,
1392 1103 1446 1176 ita
1537 1119 1539 1196 ξ

277 1271 280 1278 .
345 1213 626 1302 percusserunt.
675 1202 722 1274 m
746 1202 873 1276 taliter
899 1205 945 1276 ab
976 1203 1070 1276 hora
1098 1204 1169 1278 diei
1197 1228 1297 1277 nona
1324 1227 1444 1301 usque
1537 1223 1539 1228 ’

345 1305 427 1378 fere
446 1304 490 1374 ad
509 1327 689 1377 occasum
707 1302 799 1374 sotis
819 1327 904 1375 cum
924 1301 979 1376 eis
1006 1303 1104 1376 circa
1123 1302 1280 1378 fluvium
1297 1329 1445 1402 pugna·
1537 1315 1539 1374 ζ

346 1414 491 1477 verunt.
554 1403 601 1474 Et
630 1404 760 1476 videns
793 1403 979 1501 Nogardie
1010 1425 1076 1478 rex
1106 1427 1263 1477 suorum
1294 1405 1445 1479 circiter
1534 1419 1539 1428 '

347 1503 618 1602 quinquaginta
654 1502 974 1599 interfectionem,
1014 1504 1205 1602 prohibuit
1235 1505 1444 1578 exercitum
1537 1515 1539 1554 ³

348 1627 472 1698 suum⁷
499 1627 546 1675 ue
572 1603 749 1700 deinceps
768 1604 813 1674 ad
833 1628 900 1676 eos
924 1604 1138 1679 transirent.
1188 1604 1235 1677 Et
1260 1606 1447 1678 abscessit
1537 1665 1539 1700 ζ

348 1704 535 1778 exercitus
558 1704 813 1776 Rutbenorum
842 1704 887 1775 ad
914 1703 1022 1800 ignes
1047 1728 1149 1777 suos.
1194 1705 1446 1778 Theutbonici

346 1829 438 1878 vero
464 1827 595 1878 omnes
621 1805 703 1876 sani
729 1814 768 1877 et
793 1802 1002 1878 incolumes
1025 1829 1093 1902 per
1118 1805 1220 1878 viam
1244 1815 1443 1880 cantantes
1537 1811 1539 1892 g

347 1905 552 2001 redierunt,
586 1913 714 2002 preter
738 1929 854 1976 riuum
882 1904 1042 1978 militem
1068 1905 1232 1979 Heinrici
1259 1905 1444 2002 Boreum,
1537 1927 1538 1930 ’

348 2006 411 2102 qui
430 2006 568 2104 sagitta
582 2007 801 2078 vulneratus
816 2003 961 2100 cecidit,
980 2016 1019 2078 et
1037 2005 1132 2079 alter
1144 2006 1275 2080 Lettus
1288 2005 1444 2104 quidam

347 2105 463 2202 Velm,
491 2104 553 2201 qui
580 2128 667 2177 cum
693 2127 830 2178 novem
848 2105 1029 2178 Rutbenis
1055 2107 1173 2200 soluS,
1200 2108 1246 2179 ad
1265 2108 1444 2180 arborem

346 2229 479 2278 versus
506 2204 716 2278 diutissime
736 2204 928 2304 pugnavit,
954 2216 993 2279 et
1018 2207 1169 2280 tandem
1189 2217 1275 2304 post
1291 2217 1444 2306 tergum
1537 2235 1539 2238 ·

346 2307 576 2397 vulneratus,
604 2305 738 2380 cecidit
764 2305 845 2405 ipse
873 2317 911 2380 et
935 2316 1105 2379 mortuus
1130 2319 1197 2380 est.
1250 2307 1323 2379 Alii
1350 2331 1441 2381 vero
1537 2329 1539 2404 ς

346 2429 477 2479 omnes
492 2406 664 2501 Lyvoues
683 2417 721 2480 et
734 2406 831 2479 Letti
846 2405 927 2480 sine
940 2407 1086 2480 lesione
1100 2406 1223 2504 aliqua
1238 2406 1446 2503 redierunt,
1537 2425 1539 2436 ⁴

347 2531 504 2604 quorum
524 2506 632 2578 multi
652 2507 697 2580 de
716 2506 833 2602 silvis,
852 2506 897 2579 ad
913 2529 1005 2603 quas
1025 2509 1212 2605 fugerant⁷
1238 2507 1376 2580 iterum
1396 2510 1444 2582 ad
1538 2591 1539 2594 Ἴ

346 2608 626 2681 Τὴθυῐὴοηίοοε
645 2631 713 2706 per
732 2607 830 2680 viam
848 2608 1049 2680 redeuutes
1062 2618 1257 2703 venerunt,
1276 2631 1444 2705 congau-
1538 2673 1539 2676 ,

347 2709 479 2780 dentes
498 2707 566 2804 eis,
593 2732 637 2780 eo
664 2708 763 2804 quod
782 2718 859 2780 tam
878 2705 989 2804 pauci
1009 2708 1054 2779 de
1073 2717 1177 2780 tauta
1203 2707 1444 2782 multitudiue

346 2808 604 2881 Ruthenorum
624 2818 836 2881 evaserunt.
879 2807 925 2878 m
948 2806 1197 2882 laudaverunt
1214 2832 1347 2882 omnes
1362 2807 1445 2882 Sal·

346 2907 489 2981 vatoris
508 2905 768 3000 clemenciam,
795 2907 859 3004 qui
877 2907 1025 2980 reduxit
1042 2931 1121 3004 coe,
1149 2919 1187 2982 et
1203 2907 1379 2982 liberavit
1396 2910 1443 2982 de

348 3007 521 3079 manibus
546 3006 802 3101 inimicorum,
827 3008 944 3079 immo
968 3007 1031 3105 qui
1057 3008 1093 3080 iu
1123 3019 1227 3082 tanta
1251 3007 1443 3107 paucitate

348 3130 503 3179 suorum
522 3107 600 3180 fere
619 3107 890 3206 quinquaginta
909 3110 954 3180 de
972 3109 1155 3182 Rutbenis
1174 3109 1445 3183 interfecerunt

348 3217 387 3281 et
405 3229 510 3280 arma
528 3218 567 3280 et
584 3207 705 3306 spolia
732 3218 770 3281 et
795 3233 913 3305 equos
939 3233 1071 3283 eorum
1096 3210 1272 3284 tulerunt.
1327 3210 1446 3282 Erant

348 3317 476 3380 autem
493 3309 751 3381 Ruthenorum
771 3310 935 3383 sedecim
955 3309 1061 3383 milia
1078 3321 1324 3405 armatorum,
1345 3333 1443 3409 quos

347 3433 412 3482 rex
438 3432 599 3506 maguus
627 3409 816 3507 Nogardi'e
840 3423 1112 3483 convocaverat
1136 3435 1204 3508 per
1227 3411 1444 3484 universam

346 3509 523 3582 Rusciam
550 3509 625 3582 iam
644 3535 712 3607 per
729 3509 934 3606 biennium,
961 3532 1047 3582 cum
1075 3511 1191 3583 armis
1210 3511 1444 3609 melioribus,

287 3621 420 3706 (4.)que
445 3611 594 3682 fuerant
612 3611 648 3681 in
667 3605 815 3682 R'uscia.
858 3610 929 3697 Qui
949 3621 1034 3707 post
1053 3612 1217 3684 triduum
1235 3614 1444 3709 sequeban-

345 3720 408 3782 tur
432 3709 468 3781 in
491 3709 710 3806 Lyvoniam,
738 3721 776 3784 et
799 3711 919 3808 primo
944 3711 1092 3808 quidem
1118 3712 1315 3785 Lettorum
1332 3711 1453 3786 villas

347 3819 438 3906 aput
455 3809 632 3884 Ymeram
652 3812 906 3909 despoliantes
930 3823 967 3886 et
987 3811 1230 3886 incendentes
1258 3823 1297 3886 et
1322 3813 1444 3886 eccle·
1538 3877 1539 3882 ,

347 3910 442 3982 siam
470 3935 613 3984 eorum.
666 3910 713 3984 Et
738 3913 895 4010 posthec
921 3923 1012 4011 aput
1038 3924 1203 3986 castrum
1220 3913 1374 3987 Ureie⁷⁸
1400 3937 1443 3987 se

348 4023 636 4108 congregantes,
656 4020 694 4085 et
712 4012 762 4083 ibi
782 4012 910 4086 diebus
924 4013 1131 4088 residentes
1146 4015 1304 4113 duobus,
1322 4013 1442 4089 tercio

348 4207 392 4278 78)
413 4208 494 4263 bodie
513 4207 625 4273 Orcllep
644 4212 793 4281 praedium.
