3084 5018
315 473 387 546 202
459 468 670 542 HEINRlCl
697 466 973 542 CHRONICON
1000 465 1252 542 LYVONIAE.

314 694 472 742 arcuum
497 693 653 742 suorum
680 679 717 744 et
738 667 952 742 balistarios
976 678 1104 740 contra
1131 666 1289 765 sagittas
1316 668 1409 742 isto-

314 794 398 842 rum
417 768 592 868 din'gnnt.
634 769 680 841 Et
697 768 882 842 fodientes
901 791 969 866 per
986 768 1085 842 diem
1105 778 1143 842 et
1161 778 1311 841 noctem
1330 793 1408 841 non

314 870 529 967 quiescunt,
577 869 675 945 unde
718 869 832 942 turris
875 867 999 966 magis
1043 866 1320 966 appropinquat
1358 870 1408 940 ad

314 981 490 1043 castrum.
543 971 653 1044 Nulla
683 968 831 1066 requies
863 967 1082 1042 conceditur
1113 968 1242 1062 fessis,
1273 968 1406 1042 diebus

313 1081 494 1168 pugnant,
509 1071 680 1144 noctibus
694 1069 805 1143 ludos
819 1079 858 1142 et
870 1069 1056 1141 clamores
1072 1078 1257 1141 exercent.
1285 1068 1409 1162 Lyvo·

313 1194 381 1243 nes
400 1194 486 1243 cum
499 1170 643 1243 Letthis
661 1169 910 1242 concussione
927 1167 1139 1266 gladiorum
1158 1190 1243 1239 cum
1262 1167 1406 1266 clypeis
1528 1221 1533 1266 ,

313 1271 613 1366 conclamantes,
647 1268 895 1344 Theuthonioi
921 1269 959 1340 in
988 1267 1176 1366 tympanis
1203 1277 1241 1340 et
1267 1267 1406 1340 fistulis
1531 1275 1533 1368 g

314 1381 352 1444 et
377 1371 513 1445 ceteris
539 1368 797 1444 instrumentis
824 1367 989 1463 musicis,
1020 1367 1182 1440 Rutheni
1207 1391 1293 1439 cum
1325 1369 1406 1440 suis

312 1470 570 1543 instrumentis
596 1480 633 1543 et
659 1468 885 1542 clamoribus
910 1478 1040 1542 noctes
1060 1491 1192 1541 omnes
1210 1466 1405 1541 insomnes
1531 1473 1533 1552 j

313 1569 462 1642 ducunt.
512 1569 748 1643 Conveniunt
773 1569 899 1664 itaque
928 1591 1059 1642 omnes
1083 1567 1288 1663 christiani,
1317 1591 1406 1640 con·
1531 1611 1533 1668 3

313 1667 397 1742 silia
421 1679 621 1766 querentes
645 1694 667 1741 a
687 1669 777 1762 Deo.
823 1668 870 1740 Et
893 1668 990 1743 inter
1008 1691 1074 1741 eos
1094 1677 1178 1741 erat
1191 1665 1404 1740 Fridericus
1531 1677 1533 1744 3

288 1770 398 1866 ¹dux,
426 1779 463 1843 et
488 1769 754 1844 Fredehelmus
780 1768 866 1864 dua,
899 1778 936 1841 et
963 1768 1168 1841 advocatus
1187 1767 1405 1864 peregrino·
1531 1763 1533 1818 f

313 1894 395 1942 rum
424 1869 560 1942 nobilis
584 1894 628 1942 ac
652 1869 767 1964 dives,
795 1869 858 1965 qui
884 1868 1049 1942 dicebat:
1090 1867 1250 1961 Oportet,
1269 1867 1403 1963 inquit,
1527 1871 1533 1952 ,ἶ

312 1976 474 2042 castrum
499 1969 597 2042 istud
621 1969 795 2042 uiolenter
819 1966 1047 2042 ascendendo
1072 1965 1335 2063 comprehendi,
1370 1975 1404 2040 et
1530 1957 1533 1986 ¹

310 2068 507 2142 uindictam
537 2069 582 2142 de
616 2068 916 2156 malefactoribus
952 2067 1004 2141 ad
1038 2075 1212 2142 terrorem
1243 2067 1403 2140 aliorum

311 2169 501 2242 uindicari.
545 2171 588 2242 In
611 2169 778 2242 omnibus
803 2171 896 2241 enim
921 2171 1066 2264 aasbts,
1093 2191 1117 2240 a
1134 2168 1403 2261 Lyuoueusibus
1531 2251 1533 2262 A

309 2269 483 2342 hactenus
501 2273 728 2365 eapupnatis,
745 2271 855 2341 vitam
873 2292 1013 2362 semper
1029 2275 1066 2341 et
1080 2267 1286 2342 libertatem
1311 2291 1403 2341 sem-
1531 2307 1533 2338 ν

307 2392 374 2464 per
392 2368 632 2463 obtinuerunt,
651 2375 687 2442 et
701 2367 783 2445 ideo
801 2371 907 2442 ceteri
919 2368 1039 2442 nullos
1056 2370 1203 2441 timores
1217 2367 1300 2441 inde
1318 2392 1404 2441 aon·

311 2477 489 2564 ceperunt.
537 2469 642 2543 Nunc
667 2493 766 2565 arpo,
792 2471 993 2566 quicunque
1016 2468 1062 2540 da
1079 2472 1215 2544 nostris
1240 2475 1402 2541 castrum
1530 2521 1532 2566 :

309 2570 521 2643 scandendo
544 2574 687 2665 pm'mus
711 2572 910 2664 intraverit,
937 2571 1080 2665 mayrois
1101 2593 1183 2642 eum
1199 2568 1402 2642 bonoribus

310 2670 562 2766 exaltabimus,
580 2677 616 2746 et
626 2693 736 2766 equos
750 2676 787 2742 et
798 2672 979 2762 captivum
996 2668 1192 2764 meliorem,
1211 2671 1273 2765 qui
1289 2671 1404 2756 fuerit
1530 2687 1532 2696 ⁴

309 2771 347 2844 in
361 2778 496 2867 austro,
515 2771 569 2844 tut
582 2769 763 2865 dabimus,
777 2775 902 2864 preter
914 2793 1044 2865 repem,
1062 2793 1166 2866 quem
1179 2773 1217 2840 in
1230 2791 1400 2864 supruno

309 2894 415 2944 ramo
445 2894 658 2966 suspensum
687 2893 795 2965 super
825 2893 949 2942 omnes
980 2867 1207 2943 eleuabimus.
1273 2869 1402 2966 Ptecet
1530 2895 1532 2902 ’

310 2971 484 3043 omnibus
516 2971 732 3067 consilium,
762 2980 851 3043 vota
875 2981 1017 3043 vovent·
1040 2970 1198 3042 Domino
1228 2978 1265 3042 et
1292 2971 1401 3043 beate

308 3069 463 3167 Virgini,
494 3070 696 3166 statimque
726 3094 851 3166 mane,
880 3069 1078 3143 celebratis
1109 3072 1311 3142 missarum
1337 3094 1402 3142 so·

309 3169 501 3268 iempuiiS,
532 3194 658 3267 pugna
687 3169 896 3242 inchoatur.
944 3169 1054 3242 Fiunt
1080 3169 1400 3270 comportationes

308 3268 511 3368 lignorum,
538 3270 604 3343 sed
631 3269 753 3342 omnis
777 3269 884 3343 labor
909 3271 1123 3366 frustratur,
1151 3295 1195 3344 eo
1219 3272 1319 3366 quod
1338 3271 1401 3343 ad-

308 3370 382 3443 huc
398 3381 548 3470 tempus
562 3370 724 3445 vindicte
738 3369 806 3444 Dei
821 3394 895 3443 non
909 3371 1021 3443 venit.
1057 3371 1112 3444 Ad
1127 3371 1257 3446 horam
1271 3370 1401 3467 itaque

309 3495 449 3544 nonam
477 3470 637 3546 Estones
662 3471 699 3544 in
726 3481 851 3543 castro
875 3493 1035 3569 magnos
1058 3470 1262 3544 incendunt
1278 3471 1400 3569 ignes,

304 3573 479 3646 ¹toramen
505 3571 779 3645 inmuniticne
805 3595 985 3669 magnum
1017 3571 1206 3671 aperiunt,
1247 3572 1293 3644 de
1323 3595 1398 3668 qua

308 3681 410 3744 rotas
428 3671 577 3769 ignibus
596 3672 773 3770 impletas
792 3672 1029 3745 demittentes
1048 3696 1163 3770 super
1188 3671 1322 3743 turrim
1349 3671 1401 3742 di·

310 3771 446 3870 rigunt,
479 3796 713 3870 magnasque
738 3771 926 3870 lignorum
953 3781 1077 3846 strues
1108 3771 1399 3871 superadioiunt.

309 3871 384 3945 Sed
401 3873 520 3946 fortes
538 3873 672 3946 armati
691 3872 980 3946 christianorum
998 3872 1105 3970 ignes
1124 3872 1314 3970 diripiunt,
1340 3896 1400 3943 ro-

308 3983 368 4044 tas
386 3973 594 4068 destruunt,
617 3997 770 4046 omnem
787 3972 1025 4046 flammarum
1043 3973 1225 4071 impetum
1245 3970 1400 4046 commi-

310 4081 448 4169 nuunt,
487 4072 694 4170 turrimque
732 4096 840 4146 suam
871 4072 1084 4147 defendunt.
1144 4071 1301 4148 Interim
1336 4071 1400 4143 alii

308 4173 355 4244 de
375 4171 539 4247 exercitu
557 4173 658 4269 ligna
683 4184 975 4272 comportantes,
1002 4184 1156 4272 pontem
1183 4171 1399 4267 incendunt,
