3016 5016
342 463 386 536 14
480 457 692 532 HEINRICI
721 452 1000 531 CHRONICON
1025 455 1278 530 LYVONIAE.

44 621 57 812 p
278 657 472 745 lblhonori
488 658 691 759 deputavit.
727 657 943 732 Claustrum
953 681 1101 755 quoque
1111 656 1441 753 Cysterciensium

46 772 47 776 ’
339 761 609 834 monachorum
639 760 676 832 in
704 781 771 834 ore
802 760 910 834 Dune
942 757 1168 854 construxit,
1200 759 1299 854 quod
1330 759 1443 832 clau·
1482 773 1483 778 ’

338 872 458 934 strum
478 860 726 934 Dunemunde
743 860 804 934 vel
823 859 990 934 lllontem
1008 858 1129 932 sancti
1142 857 1286 931 Nicolai
1305 859 1444 957 appel-

338 963 440 1036 lavit.
474 961 542 1034 Cui
557 960 713 1034 cenobio
729 960 1017 1058 cooperatorem
1031 983 1143 1032 suurn
1157 958 1195 1031 in
1210 959 1443 1058 ewangelio,
1481 1013 1483 1038 2

339 1064 493 1137 fratrem
512 1060 785 1142 Theodericum
803 1061 850 1135 de
868 1061 1076 1157 Thoreyda,
1103 1061 1278 1134 abbatem
1301 1083 1444 1136 conse·
1480 1085 1483 1130 r

278 1161 465 1248 (claravit.
585 1162 728 1235 Eodem
756 1173 928 1260 tempore
956 1159 1155 1259 previdens
1182 1160 1282 1235 idem
1314 1160 1443 1236 frater
1480 1145 1483 1274 i

338 1262 591 1337 Theodericus
606 1261 804 1360 perfidiam
811 1261 1006 1357 Lyvonum
1022 1271 1060 1334 et
1074 1260 1302 1334 multitudini
1317 1285 1443 1360 paga·
1480 1275 1483 1380 p

278 1369 286 1382 '
338 1388 474 1437 norum
505 1387 581 1434 non
610 1386 724 1461 posse
753 1361 932 1436 resistere
971 1371 1166 1457 metucns,
1199 1371 1237 1435 et
1266 1361 1351 1436 ideo
1386 1364 1441 1436 ad

339 1462 663 1560 multiplicandum
681 1486 880 1536 numerum
900 1461 1066 1535 fidelium
1086 1463 1188 1536 etad
1207 1485 1442 1536 conservan·
1478 1383 1483 1546 i

339 1566 426 1638 darn
443 1564 481 1636 in
500 1562 675 1661 gentibus
693 1562 907 1660 ecclesiam,
934 1563 1070 1636 fratres
1088 1564 1273 1660 quosdam
1292 1562 1440 1638 milicie
1481 1559 1483 1566 ’

338 1663 477 1739 Christi
503 1663 685 1759 instituit,
712 1662 846 1759 quibus
871 1664 1032 1736 domnus
1060 1687 1157 1762 papa
1184 1663 1438 1738 Innocencius

338 1765 510 1863 regulam
524 1763 824 1861 Templariorum
840 1762 1031 1837 commisit
1048 1773 1085 1837 et
1105 1763 1256 1862 signum
1273 1763 1311 1836 in
1325 1774 1438 1839 veste

338 1867 535 1940 ferendum
563 1863 675 1960 dedit,
702 1863 846 1938 scilicet
869 1863 1038 1962 gladium
1056 1874 1095 1937 et
1112 1888 1277 1961 crucem,
1304 1875 1343 1940 et
1362 1867 1436 1938 sub

339 1964 548 2040 obedientia
568 1964 626 2038 sui
645 1963 812 2063 episcopi
831 1987 916 2038 esse
934 1964 1136 2052 mandavit.

279 2069 330 2154 (7.)
415 2066 557 2141 Deinde
588 2063 811 2163 Semigalli,
839 2089 974 2163 pacem
1001 2087 1086 2138 cum
1112 2064 1327 2162 Lyvonibus
1354 2090 1434 2139 non

338 2168 540 2262 habentes,
576 2164 778 2239 ecclesiam
808 2164 944 2239 Holme
972 2189 1059 2238 curn
1089 2175 1169 2238 tota
1199 2165 1289 2240 villa
1317 2166 1435 2240 simul

338 2279 500 2342 exurunt
526 2276 563 2341 et
589 2274 754 2339 castrum
778 2263 841 2338 diu
864 2265 1118 2366 inpugnantes
1138 2275 1176 2340 et
1193 2290 1329 2365 capere
1355 2293 1434 2340 non

338 2368 529 2463 valentro,
555 2367 747 2441 recedunt.
801 2365 902 2439 Deus
930 2377 1059 2441 autern
1084 2366 1214 2440 volens
1242 2367 1433 2442 novellam

318 2468 615 2568 plantacionem
634 2466 721 2542 lidei
742 2466 945 2544 christiane
958 2491 1171 2566 propagare
1191 2478 1228 2542 et
1246 2468 1281 2541 ei
1294 2492 1433 2566 pacem

338 2569 475 2667 ubique
500 2569 670 2666 firmare,
704 2578 793 2667 post
817 2569 976 2642 eandem
1003 2567 1286 2666 expedicionem
1311 2567 1433 2643 Semi·

338 2670 460 2769 gallos
486 2668 591 2767 ipsos
616 2692 686 2767 pro
714 2693 809 2766 pace
826 2668 999 2742 facienda
1017 2668 1151 2766 Rigam
1169 2669 1282 2742 mittit
1310 2670 1431 2768 etita,

336 2795 432 2870 pace
458 2793 564 2842 more
588 2767 787 2867 gentilium
813 2767 993 2867 solidata,
1029 2791 1096 2843 eos
1123 2769 1186 2866 qui
1216 2779 1327 2845 antea
1351 2770 1432 2844 fue·

338 2881 424 2944 rant
458 2871 588 2943 hostes
619 2867 964 2943 Theuthonicorum
1004 2879 1042 2944 et
1076 2868 1272 2966 Lyvonum
1310 2870 1433 2946 reddit

339 2970 493 3044 amicos
566 3001 567 3004 ¹

244 3186 328 3272 (Vll.)
413 3173 520 3244 Anno
532 3169 660 3268 quinto
676 3169 985 3269 suipontificatus
999 3195 1021 3244 a
1035 3169 1273 3246 Theuthonia
1283 3170 1429 3246 rediens

249 3270 541 3371 ¹²⁰³·episcopus
559 3271 660 3344 viros
679 3271 836 3367 nobileS,
861 3271 1068 3345 Arnoldum
1087 3271 1133 3346 de
1151 3272 1438 3372 llleyiendorpe,

338 3372 571 3446 Bernardum
608 3373 654 3446 de
687 3371 917 3468 sehusenu,
963 3372 1237 3446 Theodericum
1277 3373 1429 3447 fratrem

340 3496 464 3571 suurn,
483 3497 568 3546 curn
585 3472 757 3570 pluribus
766 3472 936 3548 honestis
950 3471 1039 3546 viris
1055 3483 1093 3546 et
1106 3473 1287 3546 militibus
1301 3497 1428 3548 secum

340 3573 500 3648 adducit.
546 3573 650 3667 Cum
667 3573 800 3670 quibus
818 3597 1002 3673 prospera
1027 3584 1065 3646 et
1088 3573 1246 3648 adversa
1262 3599 1331 3673 pro
1350 3573 1426 3688 Dep

339 3675 417 3773 pati
444 3699 517 3747 non
545 3671 762 3769 sormidam,
790 3672 984 3747 fluctuanti
1003 3674 1140 3772 pelago
1165 3697 1206 3748 se
1232 3673 1429 3749 commitnt

340 3785 378 3848 et
395 3773 625 3873 provinciam
643 3774 779 3848 Listrie
795 3774 902 3873 regni
922 3773 1037 3856 Dacie
1055 3774 1294 3873 aggredienS,
1319 3799 1427 3874 paga·

339 3899 409 3947 nos
424 3875 584 3949 Estones
604 3876 648 3950 de
663 3874 780 3948 Osilia
798 3874 922 3948 insula
940 3899 1026 3948 cum
1048 3877 1094 3949 16
1108 3875 1264 3949 navibus
1279 3875 1426 3972 invenit,

340 3975 402 4073 qui
417 3987 588 4051 recenter
602 3977 763 4051 ecclesia
778 3979 986 4072 combusta,
1005 3974 1219 4051 hominibus
1239 3975 1373 4052 occisis
1392 3987 1426 4052 et

340 4176 384 4247 65)
404 4175 568 4230 Sechoosen'
580 4176 651 4230 haud
671 4176 765 4248 procul
780 4194 799 4228 ‘a
818 4175 981 4232 Moiendorl.
