3104 5012
261 503 474 579 HElNlllCl
501 503 778 579 CHRONICON
804 501 1057 580 LYvonlaa.
1137 509 1205 581 103

113 709 383 793 satisfactionis
412 706 589 804 requiris?
641 707 851 805 Episcopus
882 731 991 800 vero,
1027 707 1205 805 requisito

115 806 270 880 consilio
290 807 445 882 alterius
465 806 644 906 episcopi,
671 808 982 907 RaccburgensiS,
1011 820 1048 882 et
1075 809 1206 882 decani

113 907 486 1004 Halverstadcnsisn,
506 907 569 1004 qui
587 918 676 980 tunc
692 909 832 1004 aderat,
852 918 890 981 ct
908 909 1051 982 abbatis
1070 920 1107 983 et
1125 934 1209 1007 pre·

114 1008 225 1107 positi
253 1009 324 1106 sui,
356 1033 424 1082 nec
452 1034 527 1083 non
556 1018 594 1082 et
619 1008 789 1106 magistri
816 1010 975 1081 fratrum
1003 1009 1146 1083 milicie
1167 1021 1208 1083 et.

115 1109 269 1182 aliorum
298 1110 526 1207 prudentum
553 1133 719 1206 suorum,
746 1109 942 1208 respondit
965 1108 1031 1205 eiS,
1059 1109 1206 1182 dicens:

22 1205 26 1298 ζ
113 1209 183 1281 Pro
211 1234 266 1304 eo,
298 1207 398 1308 quod
424 1209 508 1299 fidei
533 1214 766 1282 sacramenta
792 1211 978 1304 reiecistis,
1012 1215 1047 1281 et
1069 1213 1207 1297 fratres

22 1313 24 1410 j
113 1309 253 1406 milicie,
269 1309 436 1383 dominos
445 1317 595 1406 uestros,
611 1309 703 1416 dello
718 1312 957 1406 inquietastis,
971 1311 1207 1404 1111111111-

22 1429 24 1494 1
113 1413 259 1484 uoniam
277 1409 329 1482 ad
345 1409 570 1504 ydolatriam
587 1410 772 1483 retrahere
794 1409 972 1506 uoluistis,
1001 1417 1034 1483 et
1049 1414 1207 1483 macinae

22 1505 25 1556 ³
109 1513 149 1590 in
168 1518 373 1609 contemptu
393 1511 458 1583 Dei
484 1510 655 1584 altissimi
676 1508 778 1582 etad
803 1518 1023 1584 nostramet
1046 1514 1208 1585 omnium

22 1643 25 1694 ς
115 1611 397 1686 christianorum
422 1611 640 1706 illationem,
672 1612 794 1684 hircos
820 1618 853 1683 et
881 1618 1001 1684 cetera
1027 1611 1207 1685 animalia

22 1709 71 1758 ³⁹
115 1711 183 1784 diis
205 1735 442 1808 papanorum
468 1713 715 1812 immolantes,
755 1715 793 1785 in
819 1714 952 1798 faciem
979 1719 1144 1786 nostram
1174 1719 1210 1786 et

22 1817 42 1898 ζ’
115 1817 227 1887 tocius
253 1814 431 1887 exercitas
450 1814 670 1908 proiecistis,
706 1811 787 1884 ideo
814 1811 999 1885 modicam
1024 1837 1206 1886 summam

115 1916 263 2010 arqenti,
292 1920 434 1986 centum
456 1912 623 1986 uidelicet
647 1915 835 2008 oserinqos
860 1913 916 1986 uel
940 1917 1206 2010 quinquaqinta

115 2037 259 2088 marcas
279 2017 423 2110 arqenti
440 2014 487 2086 ab
506 2017 605 2086 omni
622 2015 815 2109 prouincia
833 2021 953 2086 cestra
976 2018 1206 2111 requirimur,

115 2117 257 2210 insuper
283 2113 466 2202 fratribus
492 2114 623 2186 milicie
649 2137 761 2210 equos
779 2121 814 2186 et
831 2122 1046 2202 armaturas
1064 2138 1153 2188 suus
1172 2122 1207 2187 et

115 2221 228 2288 cetera
247 2217 300 2288 eis
318 2213 446 2287 adlata
463 2216 650 2287 restituere
669 2217 846 2288 tenemini.
883 2215 992 2303 Quod
1011 2215 1206 2290 audientes

22 2319 24 2404 ξ
115 2315 255 2413 perfidi,
283 2325 320 2389 et
345 2315 466 2389 adhuc
485 2314 783 2388 satisfactionem
802 2316 945 2388 nullam
964 2316 1053 2390 dare
1079 2316 1207 2389 volen-

22 2415 28 2450 ²
115 2423 181 2511 tes',
199 2413 343 2491 reversi
362 2425 449 2488 sunt
468 2417 513 2488 ad
532 2439 634 2511 suOS,
662 2416 879 2489 differentes
898 2426 937 2490 et
954 2415 1205 2489 deliberantes

22 2551 24 2610 3
116 2527 201 2613 aput
223 2540 266 2591 se
295 2527 332 2591 et
357 2517 466 2588 dolos
491 2526 704 2613 querentes,
733 2515 892 2614 qualiter
919 2516 955 2588 in
979 2516 1077 2589 bello
1098 2525 1207 2614 rapta

116 2616 317 2714 obtineant,
343 2617 504 2713 qualiter
523 2616 701 2714 episcopo
730 2615 845 2689 nichil
864 2615 1021 2715 predicti
1041 2615 1133 2688 iuris
1153 2617 1208 2688 in-

22 2759 26 2814 ;
116 2717 287 2814 pendant.
322 2715 370 2789 llt
387 2717 541 2789 mittunt
556 2717 651 2789 alios
667 2716 844 2790 meliores
858 2717 1057 2814 prioribuS,
1078 2727 1115 2790 et
1129 2716 1206 2815 epi·

22 2819 25 2900 t
116 2839 225 2917 scopo
249 2819 363 2893 verba
383 2817 542 2914 ¹quidem
567 2818 680 2914 plana
707 2819 886 2915 referunt,
913 2817 979 2890 sed
996 2818 1148 2891 fraudes
1168 2817 1205 2889 in

116 2919 223 2992 corde
248 2917 488 2992 meditantur.
543 2917 712 3005 Quorum
737 2917 935 3016 perfidiam
962 2917 1205 2992 considerans

22 3037 24 3106 ξ
116 3018 357 3113 Alabrandus,
387 3018 531 3115 primus
564 3043 695 3092 corum
726 3021 916 3115 sacerdos,
952 3018 1113 3094 assumit
1139 3042 1205 3092 eos

22 3131 27 3204 q
118 3139 298 3216 seorsum,
326 3119 465 3192 docens
492 3143 557 3191 eos
583 3129 621 3193 et
645 3121 791 3193 dicens:
829 3119 1017 3192 Genimina
1041 3123 1206 3214 vippera-

22 3253 24 3300 3
118 3241 205 3315 rum,
231 3219 390 3317 qualiter
407 3222 565 3314 effuqere
585 3223 755 3313 poteritis
772 3223 867 3291 iram
886 3218 962 3314 Det,
990 3224 1051 3315 qui
1068 3244 1207 3315 semper

22 3343 25 3412 j
115 3318 259 3411 perfidie
286 3318 371 3407 felle
396 3319 523 3414 repleti
553 3323 649 3414 estis,
685 3329 720 3393 et
742 3343 815 3412 pro
847 3319 1053 3407 malefactis
1079 3323 1207 3395 uestris

23 3425 24 3428 ’
119 3419 222 3493 nichil
240 3422 459 3507 satisfacere
476 3419 607 3494 catast
642 3420 766 3492 Facite
784 3444 870 3515 erqo
894 3423 1039 3507 fructus
1062 3421 1206 3516 aliquos

22 3523 23 3534 ²
118 3523 313 3615 penitentie,
332 3522 410 3594 etsi
427 3545 508 3594 uere
526 3519 578 3592 ad
590 3519 705 3593 Deum
719 3521 879 3593 concerti
892 3519 1090 3616 uolueritis,
1109 3520 1207 3593 Deus

23 3705 24 3708 Ἴ
120 3623 181 3692 erit
204 3625 325 3719 utique
348 3621 551 3716 uobiscum,
587 3627 630 3693 ut
652 3625 714 3717 qui
734 3621 910 3693 hactenus
935 3619 1073 3714 duplici
1097 3619 1207 3693 corde

22 3765 24 3806 ὲ
120 3725 155 3790 11
174 3723 420 3795 inconstantes
444 3723 588 3817 fuistis,
622 3745 718 3794 nunc
743 3721 821 3794 sitis
848 3727 1055 3794 constantes
1081 3723 1118 3793 in
1140 3723 1208 3792 otis

119 3824 252 3917 uestris,
279 3828 324 3894 ut
344 3821 499 3896 uideatis
516 3822 695 3895 ancilium
709 3822 856 3894 Domini
871 3844 981 3916 super
997 3845 1072 3895 111.
1108 3820 1207 3895 Ν11·

57 3973 64 3984 .
123 3916 204 3992 dum
228 3924 322 3995 enim
348 3920 433 4011 fidei
457 3922 606 4017 plenam
630 3923 809 3997 habuistis
836 3925 1092 4020 constantiam,
1118 3948 1208 3997 non·

123 4015 204 4092 dum
222 4020 444 4095 decimarum
462 4030 666 4098 uestrarum
681 4023 869 4098 'oblatione
892 4022 1007 4097 Deum
1023 4027 1208 4103 honorare

121 4213 164 4287 52)
181 4216 338 4278 Burchardi.
