827 1327
177 153 202 172 56
251 153 357 172 HEINRICI
371 153 476 172 CHRONIC
478 153 510 172 ΟΝ
523 153 649 172 LYVONIAE.

177 209 253 228 semper
262 209 307 222 suos
317 203 336 222 in
345 204 396 222 omni
405 204 526 222 tribulatione
533 210 570 222 non
580 204 649 222 desinit
658 210 673 222 c(

176 228 261 254 lari‚,cui
271 231 300 247 est
308 229 370 247 honor
379 232 398 248 et
406 229 466 254 gloria
475 229 494 247 in
504 229 573 248 secula.
592 230 658 247 Amen.

223 271 331 290 EXPLICIT
339 272 410 290 LIBER
419 272 520 291 TERCIUS
530 272 562 290 DE
572 272 673 290 LYVONIA

227 306 313 324 INCIPIT
322 306 393 324 LIBER
403 306 513 328 QUARTUS
524 306 555 324 DE
566 306 673 325 ΙΞΣΞΤΟΝΙΑ4

145 358 171 379 (6,)
214 353 238 372 Et
246 354 318 373 factum
327 357 362 378 est7
372 358 473 379 postquam
480 355 518 373 iam
526 357 567 373 tota
573 354 656 378 Lyvonia
664 354 673 372 h

176 380 218 399 tata
233 383 262 398 est
274 382 293 398 et
303 379 448 404 Leththigallia,
465 380 556 398 miserunt
569 379 654 398 seniores
669 379 673 397 l

176 406 259 429 thorum⁷
275 405 366 423 Russinus
379 405 402 424 de
415 408 477 423 castro
491 404 573 429 Soteele⁷
590 404 673 423 Waridot

176 430 251 454 Autine7
263 430 371 448 Talibaldus
380 430 403 449 de
412 430 497 454 Beverin,
507 436 541 448 nec
551 436 588 448 non
597 432 616 448 et
625 429 673 448 Bert«

176 456 235 474 frater
248 455 317 474 milicie
331 455 354 474 tle
363 455 454 479 Wenden,
467 455 546 473 nuncios
555 461 600 473 suos
610 455 634 473 ad
643 454 673 472 Est

176 481 195 499 in
204 480 316 505 Ungam'am,
329 480 426 505 requirere
439 487 475 505 que
489 480 538 499 iusta
550 482 594 498 sunt
604 480 627 498 de
636 486 673 498 omi

175 506 248 524 iniuriis
264 505 298 524 sibi
314 506 371 524 illatis
387 506 410 524 ab
425 506 457 524 eis.
484 505 543 524 Erant
555 505 605 524 enim
618 505 666 523 Letti

176 531 233 550 fidem
245 533 353 555 susceptam
365 531 447 549 humiles
459 533 478 549 et
487 530 576 555 despecti,
590 533 608 549 et
618 530 673 548 mults

176 556 234 574 iurias
247 556 361 574 sustinentes
374 562 385 574 a
398 556 505 580 Lyvonihus
518 558 537 574 et
552 555 660 579 Estonihus,

176 581 211 606 ipsi
227 581 288 605 magis
304 581 412 605 gaudebant
425 581 448 599 de
461 581 542 599 adventu
555 581 673 599 sacerdotum

176 606 226 631 quod
240 608 283 631 post
299 606 413 630 baptismum
429 606 494 625 eodem
510 606 550 624 iure
564 609 583 624 et
595 606 662 624 eadem

176 637 242 650 omnes
252 631 308 649 simul
318 631 427 656 gauderent.
446 631 526 650 Estones
539 634 602 650 autem
612 631 667 649 verba

176 657 249 675 ciorum
264 656 432 681 parvipendentes,
452 656 509 675 nichil
525 656 570 675 iuris
584 656 672 681 impende

176 682 209 700 sed
222 688 265 700 cum
279 682 306 700 eis
315 682 393 700 nuncios
402 688 448 700 suos
461 682 479 700 in
489 681 643 706 Leththigalliam
652 681 673 699 dh

176 710 225 726 runt.
251 707 275 725 Et
284 713 327 725 cum
337 707 374 725 iam
387 707 455 725 fratres
465 706 534 725 milicie
544 709 608 725 essent
616 706 673 725 habit:

175 733 194 750 in
206 732 298 756 Wenden,
311 732 403 750 miserunt
415 732 530 755 Bertoldum,
544 732 597 756 quasi
608 731 673 756 primu!

175 758 221 781 suis,
231 758 254 775 ad
264 757 353 782 placitum
360 757 485 775 Leththoruin
492 763 535 775 cum
543 757 650 775 Estonibus.
668 757 673 767 ¹

175 782 237 801 eciam
247 788 269 801 ex
279 785 332 807 parte
339 782 422 810 episcopi
430 782 522 801 Henricus
530 782 625 806 sacerdos,
635 782 673 800 etL

175 814 232 832 quam
245 807 314 832 plures.
337 807 360 825 Et
374 807 489 832 incipiebant
501 810 611 831 retractare,
625 813 673 832 que]

175 835 194 851 et
202 832 276 851 iusticie
283 835 342 851 erunt.
358 832 395 851 Sed
402 832 494 851 Estonum
502 833 560 857 legati
567 835 673 857 contempm

175 860 194 876 et
203 864 269 882 pacem
278 857 382 876 Lethorum
394 860 413 876 et
424 857 493 876 iniuste
503 858 537 876 sihi
551 858 612 876 ablata
622 857 673 876 restit

174 883 305 908 dedignantes„
318 883 377 901 Lettis
386 889 420 908 per
429 882 493 901 omnia
502 883 638 906 contradicunt,
653 885 671 901 et

174 908 213 927 ceis
223 908 336 926 acutissimis
344 908 363 926 in
370 908 450 926 invicem
458 908 601 932 comminantes,
611 908 652 926 sine
659 908 673 926 a]

174 933 236 952 forma
243 933 295 958 pacis
300 933 394 951 recedunt.
408 933 588 958 Super-venientibus
593 933 668 952 interim

174 959 269 977 oaturibus
279 961 297 977 et
306 958 441 977 Theuthonicis
453 958 554 983 aliquantis
566 958 589 977 de
601 958 670 977 Gothla

174 984 255 1002 surrexit
267 983 362 1002 Waridote
374 990 418 1002 cum
430 984 472 1002 aliis
485 984 595 1002 Lethtorum
609 983 673 1002 senior

174 1012 193 1028 et
212 1009 280 1034 Rigam
298 1009 395 1027 venientes
416 1009 527 1034 suppliciter
545 1009 635 1027 auxilium
654 1015 673 1027 c(

173 1034 266 1052 Estonum
282 1034 369 1052 iniuriam
388 1034 490 1059 postulant.
517 1034 609 1059 Rigenses
624 1034 671 1058 igitu

174 1059 286 1078 memoriam
295 1062 407 1078 revocantes
419 1059 480 1078 eciam
494 1065 538 1077 suas
552 1059 630 1077 iniurias
644 1059 673 1078 etl

173 1084 317 1103 innumerabilia
324 1084 418 1109 quondam
425 1084 464 1103 suis
472 1085 608 1103 mercatoribus
615 1084 639 1102 ab
646 1084 673 1103 Un
