3104 5012
293 431 506 506 HEINRICI
534 430 811 508 CHRONICON
837 432 1087 509 LYVONlAE.
1186 440 1236 514 75

3 503 5 538 l

3 541 6 582 Ι

2 585 7 730 l
138 632 684 734 fugiendum-sintparatiores.
720 632 768 705 Et
784 645 1052 732 prpcesserunt
1065 637 1110 709 ad
1124 637 1238 712 Yme-

3 737 9 756 '
138 761 238 834 ram,
268 733 480 809 nescientes
509 732 716 807 exercitum
740 732 925 807 Estonum
950 735 988 807 in
1013 737 1117 811 silvis
1145 749 1237 836 aput

8 885 16 897 -
137 837 320 910 Ymeram
339 833 564 928 latitantem,
583 843 622 906 et
638 832 761 906 subito
776 833 949 909 viderunt
963 860 1115 910 omnem
1134 861 1239 911 exer·

141 936 260 1010 citum
280 934 432 1012 obvium
448 933 517 1006 sibi
535 932 761 1007 venientem.
797 934 900 1008 Tunc
914 937 1102 1009 Arnoldus
1120 938 1239 1011 frater

141 1034 284 1110 milicie
303 1043 453 1132 sumpto
471 1033 628 1108 vexillo:
657 1033 931 1130 Convenimus,
949 1036 1080 1134 inquit,
1098 1040 1239 1124 fratres

143 1135 387 1228 Tbeutbonici,
407 1141 442 1206 et
455 1132 656 1228 videamus,
675 1136 708 1205 si
719 1157 889 1228 pupnore
905 1160 1093 1232 queamus,
1112 1145 1237 1211 elnon

141 1239 333 1332 sopiamus
347 1234 395 1306 ob
413 1235 476 1324 eis,
495 1240 531 1306 et
540 1257 614 1307 non
627 1236 830 1320 inferamus
844 1238 979 1309 crimen
990 1241 1091 1332 penti
1102 1245 1236 1311 nostre.

142 1337 193 1409 Et
211 1345 454 1409 accesserunt
469 1335 517 1427 ad
536 1357 604 1408 eos
624 1344 662 1406 et
675 1335 895 1408 oeciderunt
913 1362 958 1411 ex
977 1337 1032 1410 eis
1046 1348 1240 1437 etpugna-

8 1472 14 1487 ·
142 1447 281 1511 verunt
298 1459 384 1509 cum
404 1433 471 1530 eis,
500 1443 537 1507 et
555 1432 690 1508 cecidit
706 1433 904 1508 Bertoldus
922 1436 1023 1510 filius
1037 1437 1240 1536 Cauponis,

142 1561 217 1611 nec
243 1560 318 1608 non
344 1545 382 1608 et
399 1558 519 1632 gener
544 1533 662 1632 ipsius
679 1534 812 1630 Wane,
838 1535 895 1609 vir
918 1537 1027 1609 fortis
1047 1549 1085 1611 et
1101 1539 1241 1614 virtuo-

144 1661 224 1734 sus,
244 1647 282 1710 et
299 1635 451 1732 quidam
470 1659 516 1707 ex
533 1633 711 1707 fratribus
729 1635 882 1732 milicie,
901 1647 938 1710 et
955 1637 1054 1711 servi
1074 1638 1240 1738 episcopi

143 1737 418 1827 Wichmannus
434 1745 472 1807 et
484 1734 645 1808 Alderus
660 1735 826 1833 graviter
836 1736 1020 1811 vulnerati
1034 1750 1131 1812 sunt.
1170 1739 1241 1836 Ly-

126 1860 265 1930 ,vones
297 1846 422 1909 autem
453 1845 541 1932 post
570 1845 722 1934 tergum
749 1848 971 1933 sequentes,
1002 1850 1044 1911 ut
1068 1839 1243 1913 viderunt

144 1936 426 2012 multitudinem
442 1931 629 2007 exercitus
650 1935 811 2032 undique
830 1937 876 2010 de
895 1937 999 2011 silvis
1011 1938 1240 2033 venientem,

146 2037 276 2111 statim
303 2061 344 2110 se
376 2036 422 2107 ad
449 2034 579 2132 lugam
609 2047 894 2133 converterunt,
931 2049 969 2112 et
994 2038 1242 2112 Theuthonici

147 2136 220 2211 soli
252 2145 523 2211 remanserunt.
584 2134 692 2221 Quod
722 2135 892 2211 videntes
924 2137 1171 2212 Theuthonici
1205 2150 1244 2213 et

144 2237 377 2338 paucitatem
402 2258 555 2307 suorum
579 2225 876 2336 consideranteS,
903 2262 988 2312 cum
1013 2264 1090 2311 non
1115 2250 1244 2333 essent

146 2336 428 2432 tantummodo,
456 2335 527 2407 nisi
552 2334 701 2409 circiter
725 2336 869 2436 viginti,
896 2337 969 2434 ipsi
995 2362 1037 2413 se
1063 2339 1101 2412 in
1125 2363 1242 2411 unum

148 2437 436 2536 conglobantes,
455 2435 594 2508 directa
611 2435 672 2508 via
690 2438 892 2534 pugnando
912 2462 997 2510 cum
1016 2439 1177 2512 inimicis
1195 2440 1242 2512 ad

147 2538 316 2612 Coiwam
339 2536 540 2610 redierunt.
574 2534 754 2608 Rodolfus
779 2536 825 2610 de
851 2535 995 2610 Iericho
1014 2539 1147 2614 lancea
1164 2539 1245 2612 vul·

147 2649 303 2713 neratus
329 2636 366 2709 in
392 2647 531 2709 terram
560 2635 713 2732 cecidit,
750 2661 863 2733 quem
887 2639 1109 2737 Wigboldus
1136 2643 1243 2716 Friso

149 2762 247 2836 equo
266 2736 440 2832 restituit,
467 2735 529 2832 qui
555 2735 691 2833 etipse
709 2735 814 2810 Friso
832 2739 1034 2815 velocitate
1053 2741 1138 2839 equi
1157 2768 1245 2816 con·

147 2838 255 2934 fisus,
285 2837 398 2909 modo
426 2835 604 2934 fugiendo
636 2837 749 2909 modo
777 2838 824 2909 ad
850 2837 1025 2913 inimicos
1050 2843 1242 2917 redeundo

149 2938 252 3014 etin
280 2936 419 3010 strictis
444 2935 539 3009 locis
565 2959 631 3010 eos
671 2935 870 3011 detinendo
900 2940 1038 3015 multos
1063 2942 1246 3018 liberavit.

147 3039 312 3112 Estones
338 3061 428 3111 vero
454 3046 533 3108 tam
560 3035 837 3112 Theuthonicos
868 3064 981 3136 quam
1007 3040 1181 3138 Lyvones
1208 3055 1247 3117 et

147 3139 347 3214 Lettorum
370 3135 516 3236 pedites
543 3159 564 3208 a
590 3135 730 3210 dextris
757 3149 796 3211 et
819 3163 842 3210 a
867 3139 1028 3214 sinistris
1053 3143 1246 3242 fugientes
1335 3182 1341 3200 ··

148 3241 486 3339 persequebantur,
503 3246 541 3309 et
554 3237 839 3335 comprehensis
855 3264 900 3314 ex
916 3239 970 3314 eis
983 3241 1066 3317 fere
1080 3255 1244 3342 centum,

150 3339 246 3414 alios
265 3337 495 3434 occiderunt,
515 3335 609 3409 alios
628 3348 719 3435 aput
731 3338 911 3412 Ymeram
923 3341 1149 3417 reducentes
1164 3367 1247 3416 cru·

151 3439 226 3513 deli
244 3436 414 3530 martirio
433 3434 706 3510 cruciaverunt.
755 3437 872 3511 Erant
896 3440 996 3513 enim
1015 3465 1061 3515 ex
1080 3442 1136 3516 eis
1156 3467 1247 3540 qua·

149 3538 383 3635 tuordecim,
418 3560 580 3635 quorum
609 3535 705 3608 alios
734 3537 841 3610 vivos
873 3551 1113 3638 assaverunt,
1150 3542 1246 3615 alios

150 3640 338 3714 nudantes
360 3636 597 3712 vestimentis
621 3636 713 3732 suis,
746 3646 783 3710 et
808 3638 943 3736 gladiis
969 3639 1049 3713 suis
1066 3640 1105 3713 in
1123 3641 1248 3715 dorsis

153 3764 285 3814 eorum
301 3736 474 3813 crucibus
491 3737 614 3834 factis,
641 3735 918 3836 iugulaverunt,
937 3738 1030 3813 etin
1048 3741 1247 3815 martirum

152 3838 394 3914 consorcium
420 3848 463 3911 ut
493 3859 692 3935 speramus
721 3836 760 3909 in
791 3838 917 3912 celum
945 3839 1246 3916 transmiserunt

152 3940 258 4014 Tunc
283 3941 444 4013 Estones
470 3937 613 4013 reversi
637 3936 676 4010 in
702 3949 845 4012 terram
870 3962 980 4014 suam
1003 3951 1041 4022 et
1057 3940 1249 4042 imprope-

152 4050 281 4114 rantes
305 4037 538 4134 christianis,
571 4036 757 4112 miserunt
778 4063 849 4137 per
874 4063 1007 4115 omnes
1033 4041 1248 4142 provincias

158 4140 308 4215 Estonie
334 4139 573 4213 coniurantes
593 4147 632 4212 et
648 4139 950 4238 confederantes,
976 4151 1018 4214 ut
1036 4152 1165 4216 essent
1181 4166 1249 4215 cor
