3016 5016
325 485 539 560 HElNRlCl
566 485 844 560 CHRONICON
870 487 1122 562 LYVONIAE.
1220 490 1268 566 63

172 695 361 760 conventu
375 685 573 761 Schetensi
583 685 612 735 ¹¹
639 685 768 782 virum,
786 699 1039 786 mansuetum,
1067 687 1271 762 discretum

1 786 2 867 Ῐ
50 869 54 876 .
174 797 213 862 et
229 788 455 884 prudentem
473 787 511 859 in
531 787 705 860 omnibus
723 787 793 862 viis
812 788 903 885 suis,
930 787 1149 886 Iohannem,
1177 788 1272 863 etin

173 888 302 960 locum
333 887 461 960 fratris
494 886 572 984 sui,
613 887 782 961 eiusdem
817 888 1042 962 venerabilis
1076 887 1271 988 prepositi,

174 986 368 1060 substituit
399 995 436 1061 et
473 988 507 1061 ei
539 987 742 1062 ecclesiam
774 989 884 1062 beate
915 988 1032 1063 lllarie
1064 990 1271 1088 regendam

175 1086 377 1160 commisit.
422 1086 580 1160 Etcum
607 1097 710 1161 esset
727 1089 774 1161 de
800 1088 933 1186 regula
960 1098 997 1162 et
1016 1088 1146 1163 ordine
1173 1089 1274 1164 beati

173 1185 376 1286 Augustini
393 1187 493 1261 idem
512 1186 698 1261 lohannes
718 1189 820 1262 etde
839 1189 924 1262 albo
943 1189 1166 1287 habitu,.qui
1184 1213 1274 1263 vere

175 1287 405 1361 mundiciam
425 1287 625 1386 significat,
644 1287 857 1387 episcopus,
882 1289 926 1360 ad
947 1288 1273 1364 confirmationem

177 1388 346 1462 eiusdem
373 1387 536 1486 habitus,
562 1397 688 1462 vestes
714 1398 752 1462 et
770 1412 910 1488 cappas
929 1389 1057 1487 nigras
1077 1389 1275 1464 canonico·

175 1513 261 1563 rum
281 1488 450 1563 eiusdem
470 1488 630 1562 ecclesie
648 1488 685 1560 in
711 1487 815 1561 albas
835 1489 1091 1562 commutavit.
1123 1489 1274 1563 Etcum

176 1590 300 1662 adhuc
319 1599 448 1662 essent
459 1587 617 1662 timores
630 1612 866 1687 paganorum
883 1589 983 1662 intus
999 1601 1036 1664 et
1048 1589 1155 1685 foria,
1174 1589 1274 1663 idem

148 1727 150 1732 ·
178 1689 501 1767 conventusinfra
521 1688 701 1761 ambitum
728 1689 850 1787 prime
869 1689 1029 1762 civitatis
1056 1690 1094 1762 in
1113 1689 1274 1764 ecclesia

175 1791 300 1889 primo
328 1788 500 1876 edificata
526 1788 727 1879 habitavit,
767 1799 912 1887 etpost
936 1789 1151 1886 incendium
1179 1788 1277 1864 eius·

178 1892 265 1965 dem
280 1889 439 1964 ecclesie
459 1899 497 1963 et
514 1888 676 1962 civitatis
686 1887 727 1986 1²,
747 1898 1001 1963 extramuros
1021 1899 1112 1988 aput
1124 1890 1274 1962 Dunam

177 1990 381 2066 ecclesiam
406 1993 516 2064 beate
533 1989 651 2063 llario
679 1988 855 2063 edificare
880 1999 918 2063 et
942 1988 1080 2064 ibidem
1104 1989 1275 2063 habitare

150 2139 152 2143 -
178 2101 368 2189 ceperunt.
404 2088 597 2187 Peregrini
622 2113 712 2163 vero
742 2089 909 2163 eiusdem
934 2089 1021 2162 anni
1040 2090 1079 2163 in
1096 2090 1194 2164 muri
1214 2115 1275 2164 ex·

179 2191 360 2264 altatione
389 2199 427 2263 et
451 2188 490 2261 in
518 2189 619 2288 aliis,
655 2188 790 2286 quibus
811 2189 891 2263 Deo
921 2189 1062 2274 servire
1087 2199 1277 2289 poterant,

178 2290 332 2365 obedire
349 2290 472 2389 parati
490 2299 608 2363 erant.
651 2289 698 2361 Et
717 2313 802 2362 cum
821 2290 896 2361 iarn
915 2290 995 2363 dies
1014 2292 1338 2396 autumpnalespt.)

178 2389 537 2489 appropinquarent,
564 2387 777 2488 cpiscopuS,
805 2413 956 2487 semper
984 2390 1186 2464 ecclesiam
1206 2391 1276 2487 Ly-

176 2515 386 2566 vonensem
403 2513 630 2588 promovere
643 2506 692 2562 ac
711 2489 912 2563 defendere
931 2489 1129 2586 sollicituS,
1147 2491 1275 2564 habito

179 2590 336 2665 consilio
364 2614 450 2663 cum
475 2588 755 2664 discretioribus
775 2589 866 2686 suis,
895 2589 1056 2686 qualiter
1073 2590 1277 2684 ecclesiam

179 2691 369 2766 novellam
398 2715 420 2762 a
442 2690 654 2764 Lethonum
680 2699 718 2762 et
743 2688 1005 2763 Ruthenorum
1022 2689 1168 2762 insidiis
1187 2690 1278 2765 libe·

178 2803 283 2866 raret
301 2791 502 2889 diligenter
518 2789 773 2888 pertractavit.
810 2788 858 2863 Et
870 2789 1091 2863 recordatus
1107 2790 1277 2864 omnium

173 2892 379 2986 malorum,
395 2907 468 2988 que
481 2914 547 2963 rex
562 2890 607 2963 de
618 2887 780 2980 Gercike
793 2912 879 2962 curn
892 2889 1110 2988 Letonibus,
1124 2889 1279 2990 Rigensi

179 2991 322 3066 civitati
350 3001 387 3064 et
409 2988 624 3086 Lyvonibus
652 2999 690 3063 et
714 2989 886 3063 Leththis
918 2989 1114 3088 intulerat,
1146 3000 1279 3066 contra

177 3091 352 3165 inimicos
367 3089 562 3164 christiani
581 3089 746 3162 nominis
763 3089 819 3164 ire
837 3090 883 3162 ad
902 3090 1044 3164 bellum
1059 3091 1278 3166 deliberant.

179 3191 272 3265 Erat
298 3213 461 3287 namque
488 3214 554 3277 rex
571 3189 798 3264 Vissewalde
823 3190 869 3263 de
897 3189 1057 3264 Gercike
1084 3191 1278 3265 christiani

179 3290 345 3365 nominis
358 3301 396 3364 et
408 3289 574 3364 maxime
586 3289 973 3386 Latinorumsemper
985 3289 1171 3364 inimicus.
1205 3291 1279 3380 Oui

179 3390 298 3465 liliam
322 3389 544 3488 potentioris
571 3390 616 3463 de
642 3389 826 3463 Lethonia
853 3390 1011 3463 duxerat
1037 3415 1206 3488 uxorem,
1240 3402 1279 3466 et

181 3489 288 3590 quasi
308 3513 405 3563 unus
425 3515 470 3564 ex
489 3489 556 3586 eis,
576 3500 706 3589 utpote
720 3513 838 3588 gener
851 3489 1034 3588 ipsorum,
1054 3499 1092 3564 et
1105 3490 1159 3564 eis
1173 3491 1278 3565 omni

179 3589 436 3665 familiaritate
463 3589 699 3688 coniunctus,
733 3590 807 3662 dux
831 3589 1018 3664 exercitus
1045 3614 1177 3664 corum
1205 3591 1279 3665 fre-

181 3700 340 3790 quenter
358 3689 554 3788 existebat,
573 3699 611 3765 et
627 3687 830 3764 transitum
843 3687 953 3780 Dune
972 3688 1026 3763 eis
1046 3700 1084 3764 et
1101 3689 1278 3764 victualia

180 3791 438 3888 ministrabat,
464 3800 550 3864 tam*
568 3790 741 3865 euntibus
767 3789 805 3861 in
831 3788 988 3868 Ruciam
1017 3813 1131 3887 quam
1157 3791 1279 3887 Lyvo·

180 3892 282 3966 niam
308 3901 347 3965 et
371 3890 578 3966 Estoniam.
628 3890 745 3964 Erant
763 3887 883 3964 eciam
907 3899 998 3964 tunc
1021 3889 1213 3966 Lethones
1239 3890 1278 3964 in

182 4073 226 4144 11)
252 4071 358 4128 Sebeda
383 4073 427 4128 vel
453 4070 578 4146 Scbcida,
605 4074 634 4127 in
661 4072 787 4127 comitatu
811 4069 900 4136 Mart,
925 4071 997 4127 baud
1022 4073 1118 4146 procul
1143 4076 1176 4128 ab
1198 4071 1277 4129 Unna

182 4147 225 4216 12)
254 4147 288 4202 V.
314 4146 385 4200 infra
411 4143 518 4212 XVlll,
544 4148 570 4201 6.
618 4144 778 4201 Incendium
807 4155 863 4200 erat
891 4163 915 4199 a.
943 4145 1023 4212 lats,
1055 4149 1126 4203 circa
1155 4163 1278 4202 mensem

180 4218 316 4276 Martium.
550 4241 554 4246 ·
1023 4289 1076 4368 6*
1188 4277 1195 4286 .
