3104 5012
310 491 526 567 HElNlllCl
552 490 832 566 CHRONICON
857 491 1108 567 LYVONIAE.
1183 501 1250 572 141

154 691 259 766 iuxta
284 716 403 800 mare,
430 691 740 789 abstuleruntque
765 691 819 767 eis
847 717 965 789 equos
983 695 1062 768 fere
1081 696 1255 792 quadrin-

154 804 293 907 gentos
313 817 371 866 ex
401 792 640 888 melioribus,
680 816 775 890 quos
806 791 903 867 inter
933 816 976 869 se
1006 806 1139 892 postea
1166 819 1252 870 cum

152 891 286 991 rapina
311 892 531 990 diviserunt,
565 892 830 967 benedicentes
853 892 1070 1008 Dominum,
1097 896 1160 993 qui
1184 922 1253 996 per

153 1017 299 1090 paucos
318 1002 498 1092 operatus
517 1002 576 1067 est
593 992 791 1066 victoriam
810 993 885 1067 de
873 993 1047 1067 mimicis.

1362 1197 1379 1284 l

305 1194 436 1266 Annus
453 1183 631 1268 bisdenus
649 1191 825 1266 antistitis
843 1193 1076 1290 adveniebat

306 1291 354 1365 Et
370 1317 446 1365 non
466 1319 488 1366 a
506 1285 615 1368 bellis
632 1289 829 1406 Lyvonum
846 1303 948 1367 terra
966 1293 1111 1367 silebat.

229 1391 373 1466 Eodem
392 1416 489 1466 anno
515 1393 685 1492 prefatus
704 1393 905 1491 episcopus
924 1392 1109 1492 Rigensis,
1137 1395 1251 1469 simul

151 1503 193 1566 et
217 1493 415 1590 Estiensis,
447 1504 486 1567 et
507 1493 720 1580 Bernardus
745 1495 873 1588 abbas,
905 1519 969 1591 qur
960 1494 1122 1568 eodem
1150 1519 1248 1568 anno

151 1603 398 1667 consecratus
425 1603 484 1667 est
508 1594 547 1666 in
573 1593 795 1693 episcopum
826 1593 863 1665 in
894 1591 1131 1693 Semigallia‚
1162 1619 1247 1669 cum

151 1694 292 1770 comite
315 1694 469 1768 Alberto
497 1694 677 1768 redeunte
704 1695 750 1768 de
775 1693 956 1791 hyronia,
986 1705 1170 1768 venerunt
1155 1697 1248 1768 tad

149 1818 283 1893 regem
315 1793 443 1892 Dacie,
475 1794 696 1894 suppliciter
722 1804 913 1892 roganteS,
945 1795 1118 1891 quatinus
1143 1820 1249 1871 exer·

150 1894 271 1967 citum
298 1917 409 1968 suum
437 1894 611 1968 navalem
639 1918 737 1967 anno
757 1893 928 1991 sequenti
956 1905 1193 1969 converteret
1210 1897 1248 1969 in

150 1994 360 2095 Estoniam
393 2004 434 2068 ut
451 1994 573 2094 magis
591 1993 778 2068 humiliati
804 1993 966 2068 Estones
984 1995 1247 2090 Lyvonensem

149 2091 354 2171 eeclesiam
380 2120 467 2168 cum
493 2094 712 2168 Ruthenis
703 2118 925 2193 impugnare
944 2106 1148 2170 cessarent.
1201 2096 1249 2170 Et

150 2205 193 2267 ut
217 2195 402 2270 intellexit
425 2221 492 2269 rex
517 2196 700 2294 grandem
719 2219 897 2292 guerram
915 2195 1175 2270 Ruthenorum
1194 2208 1247 2270 at·

150 2320 225 2392 que
250 2294 435 2370 Estonum
460 2305 591 2370 contra
613 2295 868 2393 Lyvonenses,
894 2295 1068 2394 promisit
1086 2319 1127 2370 se
1146 2322 1244 2370 anno

150 2395 323 2493 sequenti
350 2421 437 2470 cum
463 2396 628 2470 exercitu
656 2419 724 2468 suo
754 2395 792 2467 in
818 2394 1013 2468 Estoniam
1032 2407 1245 2494 venturum,

1260 1195 1368 1339 latu.

5 2591 7 2602 y
119 2535 123 2542 ·
149 2507 229 2569 tam
248 2497 293 2569 ad
313 2497 421 2571 beate
410 2495 597 2610 Virginis
615 2496 800 2569 honorem
799 2519 928 2608 quam
948 2495 985 2567 in
1000 2507 1245 2609 peccatorum

149 2621 307 2671 suorum
325 2597 600 2672 remissionem.
648 2594 696 2669 Et
722 2595 842 2694 gavisi
860 2606 948 2668 sunt
973 2595 1154 2695 episcopi.
1198 2597 1246 2670 Et

147 2697 243 2770 abiit
266 2699 402 2772 iterum
428 2695 653 2771 venerabilis
678 2694 910 2792 Lyvonensis
938 2696 1098 2770 ecclesie
1115 2696 1245 2771 Alber·

147 2808 224 2894 tuS,
251 2798 432 2896 colligens
455 2796 676 2909 peregrinos
702 2806 740 2869 et
763 2794 1013 2894 predicans
980 2819 1034 2871 ers
1052 2796 1245 2871 remissio·

148 2923 237 2972 nem
262 2909 518 2996 peccatorum,
550 2907 588 2970 et
615 2896 768 2988 mittens
796 2919 862 2970 eos
887 2895 924 2969 in
951 2896 1175 2992 Lyvouiam‚
1203 2909 1245 2970 ut

147 3009 292 3072 starent
318 3023 386 3096 pro
414 2999 525 3072 domo
554 2996 738 3070 Domini
729 3021 766 3068 ιιι
784 2997 844 3070 die
866 2996 988 3094 prelii,
1016 3008 1053 3071 et
1071 2998 1244 3073 defende·

146 3109 233 3172 rent
268 3098 467 3173 ecclesiam
507 3097 697 3171 novellam
733 3099 778 3170 ab
813 3098 956 3196 impetu
993 3123 1241 3197 paganorum.

6 3267 7 3270 ,
145 3199 232 3298 lpse
251 3223 340 3273 vero
361 3198 504 3272 distulit
530 3197 559 3271 it
544 3209 602 3270 ter
627 3221 737 3270 suum
756 3197 795 3270 in
812 3197 1019 3294 Lyvoniam
1038 3199 1111 3272 hoe
1130 3224 1242 3314 anno,

145 3309 188 3372 ut
206 3299 244 3371 in
259 3299 426 3372 futurum
440 3323 580 3371 annum
594 3298 735 3371 forcior
748 3307 786 3372 et
799 3322 886 3371 cum
900 3299 1071 3396 pluribus
1085 3300 1240 3375 veniret.

145 3399 195 3471 Et
222 3399 353 3473 statuit
378 3399 416 3473 in
446 3399 527 3473 vice
559 3423 629 3471 sua
656 3399 841 3472 decanum
872 3397 1240 3498 Halverstadensem,

145 3499 210 3597 qui
242 3524 328 3573 cum
359 3499 522 3574 ilenrico
549 3497 756 3594 Rorewino,
790 3497 905 3570 nobili
931 3499 1009 3572 viro
1043 3500 1088 3572 de
1115 3501 1242 3573 Went·

144 3601 276 3714 lande‚
317 3611 354 3675 et
381 3600 604 3699 quibusdam
636 3597 955 3712 aliisperegrinis
987 3598 1112 3673 abiit
1103 3624 1140 3670 ιιι
1170 3599 1240 3695 Ly·

143 3700 316 3798 voniam,
356 3725 495 3774 annum
532 3698 847 3798 peregrinationis
883 3722 951 3773 sue
982 3699 1239 3799 completurus

142 3801 293 3876 ibidem

220 3902 310 3974 Post
326 3902 467 3975 festum
485 3912 613 3976 autem
640 3899 908 3998 assumptionis
936 3902 1045 3976 beate
1065 3900 1241 4000 Virginis,
1252 3897 1300 3982 (2)

142 4001 299 4076 calore
289 4026 366 4075 ram
385 4001 504 4076 estivo
526 4011 780 4116 pretereunte,
811 4000 950 4076 indicta
978 4011 1037 4076 est
1054 4000 1316 4112 errpeditiol'·¹5
1289 3980 1362 4055 ‘¹¹¹⁸‘

142 4113 274 4176 contra
287 4102 516 4178 Revelenses
535 4112 574 4178 et
586 4102 840 4177 Harionenses
842 4103 935 4201 qui
949 4126 1100 4206 semper
1118 4097 1316 4177 adhuc

140 4204 293 4277 fuerant
311 4203 472 4279 rebelles
493 4214 530 4277 et
547 4202 630 4277 aliis
646 4203 886 4278 crudeliores.
924 4205 971 4277 Et
985 4215 1241 4380 coqqenerunt
