3084 5018
317 467 390 538 218
465 462 677 536 HEINRlCl
704 457 981 566 CHRONICON
1006 457 1260 532 LYVONiAE.

316 776 509 840 venerunt.

256 872 306 956 (4.)
392 867 461 940 Die
475 867 601 962 itaque
616 862 690 935 iam
701 887 800 935 nono
812 862 1005 936 venientes
1020 863 1066 935 ad
1079 872 1244 936 castrum
1254 860 1415 958 monet,

318 978 427 1039 nocte
463 963 707 1048 solaajbidem
739 963 934 1060 quiescere
961 972 1196 1061 proponunt,
1226 963 1414 1035 habentes

316 1066 533 1140 conflictum
553 1063 922 1159 amanuensibus,
949 1063 1012 1160 qui
1030 1064 1206 1136 timentes
1225 1063 1326 1149 bella
1344 1062 1413 1135 im·
1477 1081 1479 1085 ⁴
1527 1087 1529 1132 ι

316 677 461 762 verunt,
488 666 614 772 dpnec·
632 663 781 736 tandem
808 661 1017 758 gaudentes
1037 663 1081 732 ad
1107 660 1196 732 litus
1215 658 1332 734 Osilie
1353 663 1417 734 de·
1521 629 1529 854 1

1524 907 1529 940 l

1527 1037 1529 1070 i

1525 1135 1529 1172 1

316 1168 496 1242 minentia
522 1176 560 1239 et
583 1165 803 1237 balistarum
828 1164 963 1260 iacula,
990 1163 1222 1261 recipiuntur
1239 1164 1277 1236 in
1296 1164 1411 1237 castri
1526 1179 1529 1222 ῑ

189 1289 193 1308 ’
315 1268 374 1340 sui
393 1267 594 1362 domicilia,
616 1267 808 1338 mittentes
826 1276 936 1338 nocte
954 1266 1069 1338 verba
1086 1265 1278 1337 fraudibus
1298 1265 1410 1363 plena
1528 1265 1529 1268 ’

265 1386 271 1402 “
315 1365 483 1467 pontifici
514 1366 724 1463 ceterisque
757 1365 967 1438 senioribus
998 1365 1196 1462 exercitus7
1228 1366 1409 1462 dicentes,
1528 1455 1529 1458 Ἴ

262 1503 270 1514 ·
315 1493 357 1542 se
382 1469 495 1542 fidem
523 1467 661 1541 Christi
688 1477 725 1540 et
751 1491 885 1563 pacem
909 1465 1077 1563 recipere
1104 1465 1409 1562 christianorum,
1527 1527 1529 1536 Α

316 1579 368 1665 ut,
395 1568 623 1667 procedente
650 1566 827 1661 exercitu7
854 1565 925 1664 ipsi
951 1567 1154 1665 dampnum
1181 1577 1219 1639 et
1241 1567 1330 1640 belli
1348 1567 1408 1640 de

314 1669 534 1743 trimentum
558 1668 722 1741 inferant
748 1667 1074 1762 subsequentibus
1111 1667 1158 1738 Et
1175 1667 1328 1740 volebat
1343 1692 1409 1738 an·
1527 1735 1529 1756 ‚

313 1770 421 1844 tistes
453 1794 540 1842 cum
571 1768 705 1842 ceteris
737 1767 947 1842 senioribus
968 1767 1210 1840 conditiones
1238 1767 1409 1865 recipere
1527 1827 1529 1850 2

313 1895 521 1968 pacemque
540 1871 642 1965 dare,
661 1869 726 1942 sed
744 1868 999 1967 impediebant
1016 1891 1082 1941 ecs
1101 1869 1252 1950 fraudes
1273 1879 1310 1941 at
1328 1893 1409 1940 sce·
1526 1877 1529 1896 ⁴

312 1972 556 2066 tarseorum,
583 1995 627 2044 eo
657 1970 754 2067 quod
781 1993 854 2040 non
881 1968 930 2039 sit
956 1969 1152 2066 sapientia,
1178 1994 1301 2065 neque
1320 1993 1409 2042 con-

154 2081 157 2090 '
244 2117 246 2122 ·
313 2072 441 2144 silium
469 2082 598 2144 contra
626 2067 877 2164 nominante,
912 2069 973 2166 qui
999 2070 1290 2159 consuetudines
1316 2082 1407 2143 sua's

311 2197 448 2270 pravas
467 2171 727 2268 derelinquere
740 2170 924 2265 nolentes7
943 2180 981 2242 et
998 2170 1221 2268 sanguinem
1237 2169 1408 2244 christia·
1527 2227 1529 2272 3

311 2298 447 2344 norum
476 2273 597 2344 adhuc
623 2271 750 2344 bibere
778 2270 960 2366 sitientes7
988 2281 1026 2343 et
1052 2281 1198 2345 ceteras
1218 2271 1406 2368 nequitias

311 2395 487 2447 exercere
506 2372 711 2470 cupientes7
739 2372 879 2442 donum
906 2371 1004 2448 sacri
1029 2371 1204 2470 baptismi
1218 2374 1301 2446 ‘suis
1321 2399 1406 2471 pes·

310 2474 415 2547 simis
443 2473 630 2546 mentibus
657 2497 733 2544 non
760 2482 989 2568 meruerunt,
1016 2483 1201 2569 ponentes
1227 2497 1335 2586 spem
1354 2474 1402 2552 in

309 2574 422 2648 castri
443 2598 501 2648 sur
492 2573 636 2646 firmic
621 2583 801 2670 tate,etn
729 2572 950 2646 etnolentes
969 2597 1102 2670 pacem
1123 2582 1160 2646 et
1173 2584 1297 2672 turpia
1312 2601 1403 2672 que-

309 2701 381 2778 que
399 2675 609 2788 loquentes,
628 2673 751 2772 magis
770 2673 889 2746 occidi
917 2697 1031 2770 quam
1048 2675 1237 2771 baptizari
1255 2700 1402 2749 merue-

307 2787 406 2848 runt.
460 2776 507 2847 Et
533 2775 618 2888 quia
646 2799 778 2873 pacem
802 2775 900 2846 forte
927 2774 1139 2887 noluerunt,
1170 2800 1244 2872 pax
1271 2778 1317 2848 ab
1344 2777 1400 2850 eis

308 2877 404 2974 fugit
431 2887 470 2950 et
486 2877 552 2949 ult
527 2888 578 2949 tro
599 2875 681 2948 sola
698 2875 811 2948 venit.
785 2873 978 2947 tPrime
1002 2875 1129 2971 itaque
1151 2875 1254 2949 Theu
1257 2877 1401 2949 thonici

306 2978 525 3051 vallurnt
461 2989 525 3074 pet
528 2987 605 3072 unt
624 3001 688 3048 cas
691 2986 790 3048 trum
809 2976 990 3048 scandere
1009 2986 1174 3072 sperant,
1192 2979 1258 3049 sed
1278 2978 1400 3090 repel-

305 3077 432 3149 luntur
457 3079 501 3148 ab
529 3075 616 3172 illis,
642 3077 867 3172 lapidumet
852 3077 1099 3149 tlancearum
1127 3078 1255 3150 ledunt
1240 3087 1302 3150 tur
1319 3078 1400 3151 icti-

306 3178 387 3271 bus
412 3176 509 3250 unde
528 3187 606 3248 tam
626 3186 706 3248 arte
731 3200 843 3272 quam
863 3187 961 3248 mart
963 3202 983 3251 e
1009 3202 1178 3275 pugnare
1198 3189 1396 3276 coguntur

305 3276 498 3349 Machinas
532 3275 718 3374 edificant
750 3287 815 3374 pat
800 3277 969 3350 therellis
1001 3288 1132 3351 contra
1162 3289 1228 3376 pa
1214 3279 1397 3353 herellos

185 3417 187 3420 ·
276 3451 278 3456 ,
305 3401 436 3451 eorum
450 3377 617 3477 lapides
608 3402 645 3450 ιιι
660 3388 825 3450 castrum
842 3377 1042 3475 proiciunt⁷
1059 3403 1216 3477 porcum
1236 3379 1396 3478 fingunt,

305 3479 373 3551 sub
393 3505 465 3593 qup
486 3489 651 3551 castrum
674 3479 831 3574 fodiunt
859 3478 977 3550 donec
996 3480 1042 3550 ad
1062 3479 1226 3552 medium
1252 3481 1394 3554 vallum

302 3580 536 3752 perveniunt.
572 3579 686 3675 Tunc,
706 3533 832 3651 amabi
847 3603 976 3676 porco,
996 3580 1126 3652 turrim
1141 3581 1308 3678 ligneam
1321 3583 1397 3654 for·

254 3674 256 3679 ’
302 3691 381 3754 tem
399 3691 543 3778 ponunt
567 3680 604 3750 in
622 3681 717 3776 1000,
745 3702 990 3776 superquam
1009 3681 1240 3755 adscendunt
1258 3684 1395 3756 armati

303 3779 477 3854 forteset
462 3780 694 3876 tbalistarii,
721 3779 912 3861 mittentes
939 3780 1015 3853 tela
1040 3805 1108 3854 sua
1132 3793 1170 3856 et
1188 3783 1332 3878 spicula
1357 3793 1395 3856 et

302 3881 453 3956 lanceas
481 3905 595 3979 super
621 3880 809 3952 Osilianos
838 3891 875 3954 et
898 3881 1155 3958 munitionem.
1199 3883 1270 3955 Ext
1255 3893 1313 3955 tra
1340 3883 1395 3956 itti

181 3987 258 4043 Febr
267 3987 293 4045 3
301 3982 445 4079 lapides
462 3992 500 4054 et
485 3981 658 4055 tiacuia'
649 4006 706 4071 rac
708 3980 789 4054 tant
803 4005 917 4079 super
930 3980 980 4053 ist
981 4006 1035 4054 os.
1072 3982 1274 4102 Postquam
1286 3994 1392 4056 sexta

301 4135 345 4202 54)
371 4135 454 4190 Mona
481 4135 561 4188 hodie
587 4137 674 4188 insula
703 4145 750 4198 est,
776 4134 888 4189 Osiliam
916 4137 1049 4206 attingens
1075 4139 1108 4190 ad
1128 4148 1256 4201 austrum,
1277 4149 1404 4209 angusto·

300 4209 369 4262 freto
390 4209 539 4262 interiecto.
577 4207 684 4262 Gutta
796 4207 839 4278 55)
860 4207 938 4262 Prot.
958 4209 1003 4272 21,
1023 4210 1106 4263 30.
