3084 5018
295 484 509 558 nnrnmcr
535 435 815 562 cnuomcon
841 484 1091 559 nrvomnc.
1170 488 1240 562 roo

139 685 190 758 Et
215 684 340 758 visum
365 696 423 759 est
449 685 483 759 ei
508 687 692 757 bonorum
717 685 883 758 virorum
910 685 1082 782 consilio,
1108 709 1239 783 regem

139 785 258 860 Dacie
276 785 403 884 potius
418 785 521 859 adire
535 809 650 883 quam
662 784 925 881 Lyvonensem
948 785 1151 860 ecclesiam
1176 809 1241 884 pe·

139 887 310 959 riclitari.
354 885 581 960 Prohibebat
606 885 704 959 enirn
733 910 800 960 rex
818 885 933 960 Dacie
958 884 1240 960 Lubecensibus

138 1009 259 1061 naves
286 986 497 1085 peregrinis
524 986 563 1058 in
580 985 788 1082 Lyvoniam
805 996 990 1084 prestare,
1018 987 1135 1062 donec
1164 985 1240 1083 epi·

59 1119 61 1126 ·
136 1111 302 1184 scopum
328 1087 375 1159 ad
400 1110 511 1161 suum
536 1086 724 1160 emolliret
741 1109 981 1160 consensum.
1029 1087 1134 1161 Unde
1160 1096 1241 1160 tan·

136 1188 230 1260 dem
258 1188 356 1261 idern
375 1186 599 1261 venerabilis
625 1187 782 1260 antistes
802 1211 887 1260 cum
914 1187 1030 1260 fratre
1054 1210 1122 1259 suo
1147 1187 1240 1260 Her-

140 1312 283 1360 manno
312 1287 493 1387 episcopo
526 1312 659 1385 regem
684 1286 800 1360 Dacie
825 1288 1015 1384 prefatum
1047 1286 1172 1384 adivit,
1203 1297 1241 1360 et

5 1417 7 1448 ι
138 1398 222 1460 tam
239 1388 446 1484 Lyvoniam
465 1412 578 1485 quam
598 1381 823 1460 Estoniam
814 1413 851 1460 m
874 1397 1104 1485 potestatem
1121 1386 1239 1485 ipsius

138 1488 345 1586 commisit,
364 1488 415 1561 ita
430 1500 573 1602 tamen,
593 1511 624 1561 sr
615 1487 779 1584 prelati
796 1497 1051 1561 conventuum
1069 1511 1238 1584 suorum,

5 1583 7 1610 ³
139 1613 213 1662 nec
238 1613 313 1661 non
340 1599 378 1662 et
403 1588 472 1663 viri
491 1587 562 1685 sui,
588 1598 627 1661 et
653 1587 837 1686 Rigenses
866 1612 998 1661 omnes
1017 1612 1103 1661 cum
1121 1588 1240 1683 Lyvo·

140 1689 252 1761 nibus
271 1699 309 1762 et
325 1689 512 1763 Letthis
502 1714 538 1761 m
562 1689 659 1760 hanc
686 1689 849 1760 formam
874 1711 1101 1763 consensum
1128 1711 1239 1760 suum

139 1791 353 1902 preberent.
399 1789 446 1861 Et
469 1799 620 1862 mortua
648 1799 707 1862 est
729 1790 864 1862 eodem
882 1799 1055 1901 tempore
1073 1783 1239 1886 regina⁶,
1251 1782 1330 1838 ¹²²¹·

140 1914 239 1963 uxor
250 1889 424 1964 videlicet
439 1889 540 1987 regis
555 1888 713 1984 Dacie,
702 1914 741 1960 m
734 1898 876 1985 partu.
912 1887 959 1961 Et
973 1889 1025 1961 ait
1038 1887 1238 2002 quispiam,
1259 1867 1330 1986 27¹¹

141 1990 332 2064 novellam
352 1990 567 2086 ecclesiam,
592 2000 683 2061 tnnc
701 1989 740 2061 in
757 1998 984 2086 potestatem
1000 1989 1101 2087 regis
1116 1988 1239 2102 ipsius

138 2089 331 2188 traditam,
350 2115 423 2188 que
440 2091 610 2189 paritura
628 2099 709 2163 erat
730 2089 884 2162 cottidie
902 2090 1049 2187 prolem
1067 2089 1240 2188 spiritua·

5 2211 7 2288 ξ
140 2193 232 2288 lem,
249 2191 483 2288 temporibus
503 2190 562 2264 sui
577 2189 810 2288 principatus
823 2189 1076 2264 indubitanter
1094 2189 1241 2304 pericli·

5 2335 7 2401 ς
140 2294 309 2365 tandam.
344 2292 392 2363 Et
408 2317 499 2366 vera
516 2291 645 2364 retulit
663 2291 738 2387 ille,
766 2290 863 2364 sicut
880 2291 976 2365 infra
995 2290 1147 2390 patebit.

217 2392 342 2466 Medio
373 2403 547 2489 tempore
577 2347 811 2489 litigantibus
843 2391 926 2463 aliis
956 2416 1025 2488 pro
1052 2387 1300 2472 terraruml5·)

140 2493 410 2590 dominatibus,
437 2491 538 2566 abiit
553 2491 690 2566 iterum
709 2491 931 2566 Letthorum
957 2493 1002 2565 de
1020 2492 1157 2564 Ymera
1184 2515 1242 2563 sa-

6 2603 8 2612 '
142 2594 306 2668 cerdos
296 2619 335 2665 rn
349 2593 557 2688 Estoniam,
585 2601 779 2705 assumpto
800 2615 931 2665 secum
950 2592 1024 2664 alio
1043 2592 1240 2665 sacerdote

6 2743 8 2748 ·
142 2693 391 2790 Theoderico,
422 2704 513 2766 tunc
539 2692 685 2766 noviter
712 2691 895 2789 ordinato,
923 2703 960 2765 et
978 2704 1242 2790 pertranseun-

7 2815 9 2844 =
141 2805 201 2869 tes
219 2793 424 2868 Sackalam
441 2802 625 2868 venerunt
650 2793 695 2864 ad
722 2793 864 2905 Palam,
891 2803 928 2865 et
954 2793 1176 2890 incipientes
1195 2794 1241 2865 ab

144 2896 280 2970 codem
311 2893 480 2991 llumine,
515 2892 749 3007 provinciam
778 2893 953 2988 vicinam,
987 2918 1060 2990 que
1089 2893 1244 2968 Norme-

59 3051 64 3062 .
142 2997 270 3094 gundo
287 3005 455 3093 vocatur,
475 2994 573 3068 sacri
592 2993 828 3093 baptismatis
846 2995 929 3068 font
913 3003 951 3068 te
969 2994 1155 3092 rigabant,
1174 3019 1242 3093 per

8 3099 12 3126 ³
142 3097 315 3195 singulas
342 3096 451 3170 villas
479 3095 644 3168 maiores
663 3119 810 3167 moram
836 3095 1031 3190 facienteS,
1058 3094 1243 3193 populum

8 3233 9 3238 ¹
143 3208 411 3294 convocantes,
425 3196 634 3270 doctrinam
650 3195 919 3294 euangelicam
929 3196 984 3270 eis
997 3196 1242 3270 tradiderunt.

143 3298 192 3371 Et
218 3323 288 3396 per
314 3309 462 3396 septem
490 3297 568 3370 dies
598 3297 894 3409 circumeuntes,
931 3297 1088 3409 singulis
1112 3297 1243 3369 diebus

143 3409 336 3472 trecentos
365 3409 430 3470 aut
452 3396 747 3509 quadringentos
771 3396 977 3494 promiscui
995 3420 1107 3470 sexus
1125 3396 1244 3492 bapti-

13 3590 18 3599 Ι
144 3510 337 3573 caverunt.
374 3500 463 3571 Post
482 3496 582 3571 hoc
572 3521 611 3567 m
630 3496 802 3570 Gerwam
831 3496 1013 3593 abierunt,
1041 3506 1079 3570 et
1095 3495 1245 3593 provin·

143 3600 244 3672 ciam
263 3610 472 3674 extremam
491 3620 623 3672 versus
647 3596 867 3693 Wironiam,
896 3622 968 3694 que
986 3597 1243 3710 Loppegunde

10 3707 14 3776 l
70 3759 72 3764 ,
143 3711 314 3795 vocatur,
340 3702 506 3772 nondum
535 3697 763 3811 baptizatam
791 3697 1028 3795 adeuntes,
1018 3723 1055 3769 m
1085 3695 1243 3795 singulis

143 3800 245 3874 villis
275 3801 479 3873 maioribus
510 3799 609 3873 sacri
626 3798 875 3896 baptismatis
901 3798 1123 3895 mysterium
1147 3797 1244 3871 cele·

145 3903 317 3996 brabant,
346 3903 466 3974 donec
483 3887 529 3974 ad
548 3900 691 3996 villam,
718 3924 791 3997 que
809 3898 929 3973 Kottis
948 3908 1115 3995 vocatur,
1141 3898 1245 3972 veni·

146 4011 242 4099 rent,
276 4011 314 4075 et
339 4002 440 4076 idern
457 3993 655 4076 faciebant
681 3999 830 4074 ibidem
883 4000 952 4073 Ubi
980 4011 1127 4148 postea
1147 3999 1244 4074 Dani

146 4202 174 4274 6)
194 4199 367 4272 Bercngaria
