3084 5018
275 441 487 516 HElNRlCl
514 441 790 518 CHRONlCON
818 445 1069 518 LYVONlAE.
1149 454 1213 524 191

119 643 261 716 Ymere
287 642 497 738 transisset,
524 653 678 741 repente
704 644 897 717 christiani
921 647 984 720 via
994 645 1075 725 alia
1099 671 1119 720 a
1145 648 1220 720 col-

6 767 13 830 ξ
120 742 272 816 laterali
303 753 410 840 parte
441 753 642 841 venerunt,
676 753 713 818 et
740 744 926 819 irruerunt
958 771 1026 844 per
1053 747 1217 820 medinm

121 843 330 916 exercitum
349 843 528 940 hostium,
554 843 810 918 inferentes
778 869 832 918 ers
852 846 1005 942 bellum,
1034 857 1078 919 et
1089 871 1219 920 occur·
1327 898 1330 903 -

6 941 8 954 ²
120 953 253 1017 rerunt
279 943 333 1016 eis
360 942 521 1016 Estones
548 944 793 1018 fortissime.
814 943 888 1018 Sed
908 901 1120 1019 exteirebat
1138 971 1217 1043 eoS,

6 1067 21 1126 ῑ,
121 1069 186 1140 qur
177 1043 394 1140 quondam
410 1044 590 1116 exterruit
604 1045 816 1141 Philisteos,
838 1056 879 1117 ut
897 1047 1072 1143 lugerent
1088 1071 1216 1120 coram

6 1187 8 1196 ν
121 1142 255 1241 David,
277 1153 315 1217 et
331 1143 603 1217 commiserunt
621 1144 867 1218 Thenthonici
885 1146 1025 1219 bellum
1044 1171 1129 1219 cum
1150 1147 1216 1240 eis,

97 1267 99 1271 ·
121 1253 162 1316 et
179 1254 286 1341 terga
305 1254 500 1317 verterunt
513 1244 672 1317 Estones
691 1245 879 1342 fugientes
900 1269 1027 1318 coram
1048 1247 1217 1320 christia·

121 1343 193 1416 nis
238 1345 286 1415 Et
302 1346 624 1441 persequebantur
643 1368 721 1442 eos,
749 1345 972 1420 ventilantes
998 1357 1035 1418 et
1063 1371 1217 1420 conver-

6 1523 8 1526 ,
120 1452 246 1516 tentes
265 1467 331 1517 eos
350 1469 418 1542 per
436 1444 537 1517 viam
556 1470 629 1542 qua
646 1401 858 1542 veniebant,
885 1456 923 1519 et
948 1445 1217 1520 interfecerunt
1250 1528 1257 1534 ,

121 1566 236 1640 quam
262 1543 390 1642 plures
418 1569 462 1618 ex
488 1544 554 1618 eis.
602 1544 674 1617 Alii
693 1544 789 1617 alios
808 1501 858 1617 ad
872 1556 1028 1644 pontem
1046 1546 1217 1643 inseque-

8 1673 14 1684 ·
122 1645 269 1740 bantur,
290 1654 329 1717 et
340 1669 408 1742 per
421 1644 522 1717 viam
540 1643 646 1717 illam
664 1645 760 1717 alios
775 1644 1055 1742 interficientes,
1074 1672 1216 1744 pugna·

6 1827 8 1842 ἒ
122 1752 257 1817 verunt
283 1768 369 1816 eum
395 1744 448 1817 eis
468 1745 512 1816 ad
540 1755 708 1843 pontem,
733 1745 796 1816 ubi
819 1745 1073 1819 Theodericus
1099 1746 1216 1820 frater

6 1921 9 1934 ,
121 1843 320 1940 militie,
286 1869 343 1916 vir
360 1843 469 1916 fortis
488 1855 527 1917 et
544 1845 714 1941 devotus,
731 1845 864 1919 lancea
882 1846 1100 1918 vulneratus
1120 1847 1214 1918 ceci·

6 1987 8 2038 ς
122 1943 196 2040 dit,
230 1954 268 2017 et
291 1943 408 2017 ceteri
421 1954 597 2056 pontem
630 1954 868 2019 transeuntes
896 1954 1139 2018 accesserunt
1169 1947 1214 2018 ad

6 2041 8 2104 ἒ
122 2067 200 2117 eos.
253 2042 369 2117 Sed
359 2043 443 2157 ipsi,
476 2043 640 2116 dimissis
671 2044 801 2143 spoliis
833 2046 1007 2118 omnibus
1040 2055 1078 2118 et
1108 2045 1241 2142 equis.

6 2173 9 2222 3·
121 2143 214 2240 suis,
239 2154 278 2217 et
304 2144 461 2242 captivis
486 2144 708 2241 quibusdam
731 2142 949 2258 interfectis,
977 2146 1093 2244 pedes
1110 2147 1216 2244 fuge·

6 2245 8 2336 ξ
121 2254 209 2316 runt
226 2244 273 2316 ad
292 2244 421 2340 silvaS,
448 2253 486 2317 et
510 2243 696 2318 interfecti
724 2255 813 2318 sunt
839 2270 884 2318 ex
911 2246 965 2319 eis
991 2246 1157 2319 sexcenti
1177 2256 1215 2319 et

6 2361 9 2424 ς
67 2351 84 2370 ’·
120 2345 262 2441 plureS,
290 2354 328 2416 et
352 2344 451 2416 alii
441 2370 479 2415 m
498 2344 602 2417 silvis
626 2344 859 2442 interierunt,
884 2337 922 2419 et
940 2345 1030 2418 alii
1020 2371 1058 2417 m
1077 2346 1215 2441 Coywa

6 2463 8 2526 ξ
122 2444 309 2517 submersi
334 2453 433 2539 sunt,
459 2454 497 2518 et
523 2444 586 2516 alii
614 2467 701 2516 cum
727 2446 883 2560 pudore
896 2445 1038 2518 reversi
1062 2455 1151 2517 sunt
1176 2444 1214 2518 in

6 2549 8 2560 '
121 2555 263 2618 terram
288 2567 409 2640 suam,
440 2554 482 2615 ut
508 2547 664 2618 verbum
693 2545 794 2616 domi
824 2543 1056 2618 nunciarent.
1110 2545 1215 2638 Chri·

6 2649 8 2716 ἓ
120 2643 233 2716 stiani
248 2667 347 2741 vero,
361 2653 440 2716 tam
451 2643 698 2717 'lheuthonici
712 2669 826 2742 quam
839 2644 1011 2739 Lyvones
1026 2655 1064 2718 et
1075 2644 1212 2744 Letthi,

6 2733 8 2788 l
120 2743 298 2817 tollentes
324 2743 446 2842 spolia
471 2768 604 2817 eorum
628 2754 666 2818 et
691 2769 807 2842 equos
835 2755 872 2818 et
896 2748 1011 2819 boves
1030 2702 1213 2842 equalitei
1261 2757 1264 2764 “

6 2839 8 2938 ξ
120 2844 219 2918 inter
236 2867 278 2918 se
297 2843 512 2941 diviserunt,
542 2853 579 2917 et
597 2845 766 2942 captivos
785 2847 994 2919 confratres
1013 2869 1115 2936 suos,
1134 2855 1213 2918 tam

119 2943 221 3016 viros
239 2969 352 3041 quam
379 2899 571 3041 mulieies,
594 2945 757 3018 libertati
774 2945 930 3043 pristine
956 2947 1214 3044 restituerunt,

121 3045 384 3118 benedicentes
412 3054 449 3117 et
473 3045 729 3119 collaudantes
757 3071 864 3144 eum,
898 3047 960 3143 qui
987 3071 1061 3118 non
1088 3001 1214 3118 soluni

120 3144 244 3216 hac
209 3168 303 3242 vice,
330 3168 460 3216 verum
488 3144 590 3216 omni
612 3155 784 3259 tempore
802 3170 870 3245 pro
889 3147 943 3220 eis
967 3146 1150 3260 pugnavit
1176 3147 1214 3218 in

6 3245 8 3322 Ξ
120 3243 299 3340 Lyvonia,
319 3255 357 3317 et
375 3244 582 3342 gloriosam
596 3246 792 3318 victoriam
811 3247 857 3319 de
875 3246 1049 3344 gentibus
1064 3257 1214 3343 aposta·

6 3351 11 3428 ἱ,
120 3343 285 3417 tantibus
304 3367 455 3442 semper
471 3345 669 3418 concessit

6 3503 10 3530 ,
196 3443 474 3541 Posteaquam
464 3469 541 3517 ram
560 3443 731 3540 Estones,
759 3469 780 3516 a
798 3443 872 3518 fide
890 3445 976 3518 Iesu
995 3444 1134 3518 Christi
1158 3469 1214 3518 re
1224 3461 1276 3546 (2.)

6 3551 8 3622 ᾗ
122 3543 342 3639 cidivantes,
369 3545 414 3616 ad
438 3545 617 3618 Ymeram
636 3556 723 3617 sunt
741 3544 921 3642 percussi,
949 3544 1052 3617 misit
1070 3545 1214 3642 episco-

6 3659 12 3736 ς·
122 3668 193 3742 pus
221 3643 461 3717 Bernhardus
487 3670 556 3742 per
589 3646 802 3718 universam
817 3644 1036 3757 'Lyvoniam
1063 3656 1102 3717 et
1130 3644 1215 3718 Let-

121 3743 253 3839 thiam,
280 3768 492 3817 convocans
517 3769 662 3842 omnes,
689 3757 767 3817 tam
790 3745 891 3817 viros
915 3743 1074 3818 ecclesie
1101 3769 1214 3841 quam

6 3843 8 3920 i
121 3845 258 3918 fratres
277 3844 422 3940 militie,
441 3869 526 3916 oum
545 3845 757 3941 Lyvonibus
777 3855 814 3916 et
831 3843 988 3938 LetthiS,
1008 3856 1049 3916 ut
1065 3845 1217 3917 veniant

6 3979 8 4022 ι
123 3968 256 4018 omnes
281 3945 486 4043 pugnaturi
510 3969 595 4018 cum
627 3944 841 4017 Estonibus
892 3946 941 4017 At
970 3944 1024 4017 illi
1054 3944 1216 4018 fideliter
1331 3995 1332 3998 ,

6 4085 8 4114 ε
122 4069 255 4119 omnes
276 4045 463 4118 obediunt
514 4044 670 4118 Simul
659 4071 698 4118 m
717 4069 833 4119 unum
860 4045 1097 4119 conveniunt.
1145 4048 1216 4118 Ad-

123 4157 211 4219 sunt
237 4146 425 4301 peregrini
451 4170 537 4218 eum
564 4147 847 4220 mercatoribus
897 4146 984 4318 Alii4
995 4146 1149 4285 pavigio
1179 4146 1215 4217 in

6 4255 7 4258 '
941 4255 954 4319 l
