3016 5016
230 477 444 554 HEINlllCI
458 479 748 556 ‘CHRONICON
774 480 1025 556 LYVONIAE.
1124 485 1172 558 23

7 725 8 730 =
72 678 295 754 Conradum
314 680 584 780 aggrediuntur
601 681 784 757 militem
774 693 958 757 instanter
971 683 1173 781 deprecan-

73 789 157 879 teo,
184 790 225 854 ut
249 780 320 880 ipsi
343 782 507 880 primum
534 806 620 857 cum
646 782 818 858 hostibus
846 782 985 858 Christi
1011 783 1173 882 prelium

75 881 219 980 ineant,
247 894 461 957 asserentes
488 883 611 982 magis
630 884 805 982 expedire
824 883 991 982 gloriose
1009 894 1172 958 mortem

7 1005 12 1032 ³
74 1006 146 1080 pro
167 981 323 1056 Christo
336 983 461 1057 subire
480 1007 593 1081 quam
615 984 660 1057 ad
680 983 941 1058 confusionem
961 985 1084 1082 gentis
1103 1009 1172 1060 sue

7 1087 9 1170 ξ
75 1081 277 1157 inhoneste
303 1073 444 1182 fugam
453 1107 665 1198 capessere.
701 1083 773 1172 Qui
799 1108 905 1160 more
923 1083 1075 1158 militari
1093 1095 1170 1158 tam

7 1191 9 1234 ³
76 1181 116 1255 in
132 1207 233 1298 equo
252 1208 365 1280 qnam
383 1182 421 1256 in
440 1207 482 1258 se
501 1185 583 1283 ipso
603 1187 698 1259 bene
715 1184 908 1282 loricatus,
937 1210 1022 1258 cum
1042 1185 1171 1284 paucis

7 1281 9 1342 ἕ
76 1283 142 1380 qui
170 1284 325 1357 aderant
351 1283 590 1359 Thentonicis
617 1285 807 1360 Lethones
830 1285 1059 1384 aggreditur.
1095 1285 1171 1360 Sed
1212 1339 1222 1350 -

75 1382 150 1482 ipsi
177 1383 338 1459 nitorem
371 1409 564 1459 armornm
596 1384 755 1460 istorum
791 1386 1056 1501 abhorrentes,
1088 1385 1170 1461 Deo

7 1511 9 1514 ·
77 1483 199 1559 eciam
224 1484 403 1560 timorem
428 1485 673 1583 immittente
707 1488 753 1558 ab
779 1486 834 1560 eis
860 1511 906 1560 ex
933 1486 1036 1560 omni
1062 1497 1171 1584 parte

77 1584 277 1682 declinant.
314 1585 505 1660 Cernens
495 1597 622 1684 itaque
636 1585 934 1700 Semigallorum
947 1586 1022 1660 dux
1034 1587 1171 1663 Letho

7 1699 13 1772 [-
75 1706 147 1760 nes
160 1684 205 1760 de
220 1684 289 1760 Dei
296 1684 626 1780 misericordiane
641 1685 875 1785 conterritos,
893 1686 1066 1762 hortatur
1079 1711 1170 1762 suos

74 1785 192 1858 virilit
177 1795 234 1859 ter
259 1810 345 1859 cum
369 1786 444 1860 illis
461 1787 624 1885 prelium
643 1787 892 1884 committere,
919 1797 957 1861 et
974 1786 1040 1885 ita,
1066 1812 1170 1863 exer·
1225 1842 1230 1856 .

75 1885 155 1960 citu
180 1884 218 1958 in
247 1911 361 1962 unum
385 1888 556 1984 collecto,
582 1888 771 1962 Lethones
798 1888 961 1985 undique
980 1888 1169 2002 perviam

7 2015 9 2086 ι
72 1997 271 2101 tamquam
288 2011 379 2061 oves
398 1988 675 2102 disperguntur,
701 1998 802 2063 etex
821 1987 876 2062 eis
894 1987 1049 2063 circiter
1065 1989 1170 2064 mille

74 2087 257 2162 ducenti
248 2112 285 2159 m
304 2111 370 2162 ore
389 2087 503 2186 gladii
521 2098 821 2187 prosternuntur
894 2166 896 2171 ,

7 2213 10 2264 3
152 2185 349 2262 Inveniens
359 2198 486 2263 autern
497 2188 648 2287 qmdam
658 2190 704 2264 de
718 2187 1039 2304 familiaeprscopr
1049 2188 1169 2264 Theo
1179 2185 1229 2272 (4)

7 2277 22 2368 ζ’
73 2283 226 2362 dericus
251 2287 410 2388 Scilling
435 2288 698 2388 Suellegaten,
711 2289 793 2403 qui
819 2314 862 2364 se
885 2289 1078 2364 civitatem
1100 2289 1169 2366 Dei

7 2393 12 2460 ἴ
72 2389 346 2464 subversurum
373 2389 538 2488 dixerat
572 2414 685 2488 quem
709 2388 747 2463 in
771 2389 945 2466 ¹vehiculo
973 2390 1169 2465 sedentem

7 2489 219 2586 videns,
246 2490 379 2564 lancea
404 2491 524 2564 latera
542 2513 611 2564 sua
629 2490 810 2589 perforat.
852 2490 960 2582 Hunc
984 2488 1171 2588 Semigal·
1275 2533 1276 2538 =

7 2569 45 2752 i
71 2589 209 2663 lorum·
224 2589 377 2687 qnidam
400 2590 584 2705 palpitare
601 2591 785 2688 videntes,
811 2578 926 2689 caput
952 2589 1032 2664 eius
1052 2589 1171 2665 absci-

7 2689 181 2798 dunt,
209 2701 248 2764 et
263 2689 452 2764 vehiculis
465 2691 543 2765 suis
562 2691 813 2806 imponentes,
838 2715 911 2789 que
930 2691 1022 2765 solis
1042 2689 1189 2790 capiti-

7 2777 146 2874 {ibus
163 2789 375 2865 Lethonum
394 2803 656 2889 oneraverant,
680 2791 718 2864 in
736 2790 1029 2906 Semigalliam
1017 2791 1169 2866 ducunt.

71 2889 207 2964 Plures
218 2890 338 2966 eciam
353 2892 399 2978 de
409 2890 611 2966 Estonibus
626 2891 795 3006 captivis,
810 2917 897 2965 cum
907 2901 946 2966 et
959 2891 1031 2991 ipsi
1043 2901 1171 2969 essent

7 2865 14 3072 i
71 2990 297 3066 inimicicias
330 3003 550 3068 exercentes
581 2993 684 3066 omni
714 3003 887 3091 ternpore
914 3002 1044 3068 contra
1074 2991 1171 3071 chri·
1223 3021 1224 3024 ¹

7 3099 18 3216 i'
72 3091 189 3166 stiani
206 3091 369 3166 nominis
388 3093 602 3191 cultoresf
592 3119 630 3168 ιιι
654 3092 780 3208 gladio
800 3092 1028 3192 occiderunt,
1055 3103 1095 3168 et
1117 3093 1171 3167 ita

7 3177 16 3294 ξ,
73 3190 283 3290 christiana
307 3175 525 3292 Semigallis
542 3195 701 3293 paganis
720 3193 916 3292 adiunctis,
940 3193 986 3268 de
1009 3150 1170 3292 iitroque

70 3294 237 3407 populo,
267 3292 478 3368 Lethonum
508 3294 684 3370 videlicet
714 3304 752 3369 et
781 3294 993 3390 Estonum,
1014 3294 1170 3394 plenam

73 3393 248 3492 optinent
264 3393 471 3468 victoriam.
509 3395 627 3494 lgitur
643 3404 732 3494 post
749 3394 881 3469 cedem
900 3393 1113 3469 Lethonum
1133 3404 1172 3470 et

72 3491 260 3566 Estonum
277 3495 526 3569 Theuthonici
540 3520 626 3569 cum
639 3493 857 3592 'Semigallis
876 3496 921 3568 ad
941 3495 1062 3592 spolia
1081 3519 1171 3593 gen-

7 3551 14 3642 i
72 3592 183 3667 tist
144 3604 183 3666 nt
185 3593 338 3692 riusque
361 3605 612 3693 revertuntur,
639 3606 677 3670 et
700 3595 883 3684 infinitam
902 3594 1072 3708 predam,
1090 3607 1170 3708 tam

22 3749 23 3754 ,
71 3691 110 3766 in
131 3694 239 3809 equis
258 3707 296 3770 et
309 3697 523 3795 pecoribnS,
541 3695 670 3770 tamin
688 3681 854 3770 vestibus
869 3719 983 3793 quam
997 3721 1035 3768 ιιι
1053 3693 1169 3768 armis

73 3794 317 3894 accipienteS,
335 3821 412 3898 per
439 3797 508 3872 Dei
533 3792 695 3896 gratiam
721 3795 945 3893 conservati,
965 3819 1097 3870 omnes
1123 3798 1169 3869 ad

71 3895 229 3996 propria
252 3893 413 3972 redeunt
435 3897 516 3972 sani
544 3908 581 3972 et
597 3897 808 3971 incolumes
827 3906 865 3971 et
882 3895 1004 3971 Deum
1021 3897 1171 3972 benedi-

74 4023 79 4062 ι
119 4007 216 4071 ntes.
268 3997 470 4072 Referebat
499 3999 674 4073 sacerdos
706 3997 879 4095 quidam,
919 3997 982 4094 qui
1011 4007 1101 4071 tunc
1131 4023 1169 4070 m
1180 3997 1302 4084 (5)

73 4093 79 4166 l
127 4096 260 4171 thonia
299 4099 469 4197 captivus
507 4102 727 4196 tenebatur,
766 4098 961 4182 lohannes
1000 4097 1170 4196 nomine,

76 4199 175 4272 rod
194 4197 374 4274 mulieres
393 4199 664 4314 qninquaginta
688 4223 729 4274 se
749 4201 796 4273 ob
815 4210 977 4274 mortem
1003 4197 1221 4274 virorum
