3104 5012
319 503 533 590 HElNRlCl
560 504 838 581 CHRONICON
863 504 1115 580 LYVONIAE.
1215 503 1266 578 65

162 702 344 800 episcopo
379 715 596 802 presentata
624 731 707 790 curn
735 707 871 806 puellis
904 718 942 781 et
977 705 1197 780 mulieribus
1225 716 1262 779 et

164 804 272 876 omni
299 806 515 878 substancia
543 831 622 880 sua.
676 806 782 882 Sedit
803 808 931 906 itaque
959 806 1018 880 die
1045 807 1109 879 illo
1138 806 1262 879 omnis

163 904 352 978 exercitus
381 905 419 977 in
447 906 610 1003 civitate,
642 918 679 980 et
706 908 874 982 collectis
902 907 1033 1007 spoliis
1060 906 1189 979 multis
1216 907 1262 981 de

164 1004 340 1078 omnibus
368 1005 515 1104 angulis
535 1006 696 1080 civitatis
723 1009 892 1082 tulerunt
914 1018 1040 1082 vestes
1060 1018 1104 1091 ¹et
1129 1031 1263 1104 argen-

13 1156 18 1165 .
94 1138 97 1143 ·
162 1114 246 1176 turn
265 1116 303 1179 et
320 1125 485 1205 purpura
506 1118 544 1180 et
558 1132 697 1205 pecora
711 1109 842 1202 multa,
863 1117 900 1182 et
915 1110 960 1181 de
975 1107 1145 1182 ecclesiis
1160 1131 1260 1179 cam-

162 1229 285 1303 panas
310 1215 348 1278 et
373 1206 527 1302 yconias
555 1218 593 1280 et
611 1219 738 1281 cetera
757 1217 980 1281 ornamenta
998 1218 1038 1282 et
1062 1207 1260 1307 pecuniam

164 1315 204 1378 et
222 1307 318 1378 bona
334 1307 453 1380 multa
466 1308 656 1404 tollentes,
675 1333 804 1382 secum
820 1319 1120 1406 asportaverunt,
1139 1308 1261 1380 Deum

164 1406 431 1480 benedicentes
446 1432 504 1502 eo,
525 1410 620 1506 quod
638 1419 717 1482 tam
735 1420 891 1506 repente
906 1408 960 1482 eis
976 1408 1135 1481 contulit
1147 1407 1262 1480 victo·

10 1534 16 1543 ·
138 1561 149 1596 ⁸,
163 1505 261 1578 riam
280 1507 325 1580 de
344 1507 505 1580 inimicis
525 1519 563 1581 et
580 1509 730 1608 aperuit
747 1509 936 1583 civitatem
956 1510 1098 1605 absque
1115 1507 1262 1582 lesione

164 1629 331 1678 suorum.
377 1606 556 1704 Sequenti
582 1609 653 1706 die,
680 1609 868 1685 distractis
888 1608 1074 1706 omnibus,
1103 1609 1148 1680 ad
1167 1603 1262 1681 redi-

162 1716 244 1778 tum
264 1729 306 1780 se
333 1720 630 1805 preparaverunt
654 1719 692 1783 et
719 1710 909 1783 civitatem
936 1709 1193 1804 incenderunt,
1222 1717 1261 1781 et

161 1805 245 1878 viso
276 1807 448 1881 incendio
483 1834 547 1882 rex
575 1834 621 1884 ex
652 1811 771 1883 altera
798 1820 904 1908 parte
931 1809 1059 1905 Dune,
1099 1807 1260 1906 suspiria

162 1931 304 2004 magna
329 1908 511 1982 trahendo
537 1919 574 1983 et
597 1910 798 2007 gemitibus
822 1910 970 2008 magnis
995 1909 1173 1981 ululando
1198 1933 1260 1981 ex-

162 2006 343 2081 clamavit
359 2007 506 2082 dicens:
544 2005 580 2081 0'
599 2010 744 2082 Gercilte
771 2012 898 2084 civitas
925 2007 1084 2082 dilecto!
1116 2008 1261 2081 odere·

163 2105 265 2179 dites
277 2113 428 2204 potrum
446 2111 630 2182 meorum!
661 2136 683 2184 o
701 2112 930 2204 inopinatum
949 2107 1127 2182 excidium
1144 2111 1260 2203 pentir

162 2208 260 2279 mee!
290 2232 331 2280 oe
356 2208 487 2281 michi!
509 2216 559 2282 'ut
578 2209 667 2306 qnid
689 2217 800 2283 nutus
816 2234 898 2282 cnm
915 2208 1036 2283 videre
1053 2207 1260 2282 incendium

163 2309 321 2380 civitatis
338 2332 425 2404 mee,
442 2307 563 2382 uidere
582 2313 832 2384 contritionem
844 2309 975 2404 populi
991 2308 1119 2382 meil¹³

239 2406 426 2489 Postebec
455 2410 654 2508 episcopus
682 2421 720 2485 et
746 2409 868 2483 omnis
896 2410 1097 2503 exercitus,
1131 2407 1259 2480 divisis

162 2506 261 2580 inter
288 2531 330 2583 se
357 2508 488 2608 spoliis
517 2510 718 2607 universiS‚
755 2535 842 2583 curn
869 2510 1001 2608 regina
1032 2520 1070 2584 et
1100 2507 1258 2606 captivis

163 2607 339 2681 omnibus
357 2610 500 2684 reversi
519 2620 605 2683 sunt
631 2610 668 2683 in
694 2620 836 2684 terram
860 2633 981 2708 suam,
1009 2619 1047 2682 et
1063 2607 1260 2682 remanda-

161 2717 245 2780 tum
259 2717 318 2782 est
336 2709 428 2808 regi,
450 2719 490 2782 ut
503 2709 637 2809 Rigam
650 2710 777 2785 veniat
791 2710 822 2782 si
838 2710 974 2784 saltem
990 2709 1110 2782 adhuc
1123 2732 1258 2807 pacem

163 2808 306 2882 habere
325 2819 364 2884 et
382 2810 552 2908 captivos
580 2810 750 2910 recipere
769 2810 907 2910 cupiat.
952 2812 1000 2883 At
1025 2809 1089 2883 ille
1109 2807 1257 2883 veniam
1313 2888 1315 2891 .

160 2907 317 2984 veniens
344 2934 412 3008 pro
431 2911 648 2986 excessibus
666 2912 846 3010 postulat,
872 2910 1092 3011 episcopum
1109 2919 1257 3008 patrem

161 3010 342 3108 appellat⁷
367 3034 501 3086 ornnes
527 3011 694 3114 Latinos⁷
722 3010 828 3110 quasi
851 3012 989 3085 fratres
1015 3007 1259 3084 conchristia-

161 3133 245 3203 nos,
280 3105 499 3210 suppliciter
530 3123 671 3209 exorat
706 3123 748 3185 ut
771 3112 1038 3210 preteritorum
1067 3111 1280 3183 malorum

162 3210 443 3309 obliviscantur,
470 3223 511 3284 ut
535 3237 668 3311 pacem
687 3211 757 3284 sibi
775 3213 941 3285 tribuant
968 3222 1006 3285 et
1032 3234 1188 3284 uxorem
1217 3219 1255 3282 et

160 3310 1256 3411 captivosrestituanqvirgasacutissimasallegansignem

161 3422 200 3485 et
212 3411 390 3510 gladium,
410 3412 543 3510 quibus
562 3411 741 3486 aLatinis
756 3413 963 3511 castigatus
981 3413 1114 3485 fuerat.
1151 3411 1254 3482 Tunc

161 3511 362 3610 episcopus
382 3537 469 3586 cum
488 3513 661 3586 omnibus
681 3513 758 3586 suis
786 3513 887 3611 regis
914 3509 1162 3609 supplicantis
1187 3509 1256 3581 mi·

159 3621 284 3686 sertus
301 3612 406 3711 pacis
424 3610 585 3687 formam
614 3613 647 3687 ei
675 3613 871 3711 proposuit
890 3612 1037 3689 dicens:
1081 3610 1122 3682 Si
1136 3633 1254 3704 papo·

159 3735 292 3786 norum
319 3716 513 3787 consorcia
539 3712 705 3808 deinceps
731 3714 849 3786 nitore
865 3712 1035 3806 volueris,
1060 3714 1113 3784 ita
1131 3716 1173 3783 nt
1184 3731 1255 3802 per

159 3836 221 3885 eos
239 3813 428 3887 ecclesiam
446 3819 611 3887 nostram
628 3837 704 3887 non
721 3811 904 3909 destruas,
929 3812 1039 3885 simul
1062 3817 1099 3884 et
1115 3817 1254 3883 terrum

158 3912 405 3986 Rntltenornm
433 3921 581 3988 tuorum
607 3914 890 3988 christianornm
911 3934 980 4008 per
1005 3913 1156 3985 detonet
1179 3933 1254 3983 non

175 4017 380 4111 'deleverim
426 4018 460 4088 si
494 4033 645 4112 repnum
679 4022 782 4089 neum
817 4014 961 4087 ecclesie
996 4014 1099 4086 beate
1134 4010 1252 4084 Μανία

166 4215 203 4286 u)
225 4213 267 4270 cr.
283 4177 309 4270 r.
328 4213 454 4271 uacuas.
473 4214 500 4280 2,
519 4213 547 4270 τ.
616 4191 620 4198 ’
