3016 5016
305 391 518 468 Hslnstct
545 390 824 468 CHRONICON
850 393 1125 472 stromat·
1202 399 1250 478 35

45 671 46 674 ,
145 591 288 668 timore
306 592 489 692 percussi,
516 594 627 693 pauci
655 619 699 669 ex
719 593 773 671 eis
792 594 1041 672 munitionem
1059 596 1105 670 ad
1124 597 1252 672 defen·

143 695 312 769 dandum
331 704 499 769 castrum
518 697 736 771 ascendunt.
772 696 902 772 Plures
921 721 966 772 ex
992 695 1047 773 eis
1070 696 1107 770 in
1126 709 1251 796 poste·
1312 757 1320 762 .-

40 802 47 894 ᾗ
144 793 241 868 riori
268 805 378 895 parte
405 794 519 868 castri
542 796 819 871 transsilientes
847 797 976 897 fugam
1002 797 1041 871 in
1067 797 1183 872 silvas
1211 809 1249 874 et

146 905 331 987 montana
362 907 533 994 querunt.
597 896 799 972 Christiani
832 908 960 974 autem
990 897 1149 974 viriliter
1180 898 1251 972 im·

147 1007 363 1096 pugnantes
382 1007 561 1093 castrum,
587 999 741 1072 tandem
766 999 929 1098 desuper
952 998 1101 1074 fortiter
1118 1020 1248 1076 ascen·

145 1097 253 1192 dunt,
272 1107 309 1172 et
322 1097 431 1172 victis
445 1097 619 1172 hostibus
633 1109 670 1173 et
683 1124 705 1172 a
718 1098 926 1174 munitione
940 1100 1101 1198 repulsis
1120 1110 1246 1174 castro

40 1272 43 1275 ,
144 1197 399 1296 recipiuntur,
434 1208 473 1273 et
498 1210 768 1298 persequentes
795 1223 965 1299 paganos
991 1198 1154 1299 undique
1178 1221 1247 1299 per

143 1309 314 1374 castrum
342 1323 389 1374 ex
416 1298 470 1372 eis
498 1301 578 1375 fere
603 1299 874 1399 quinquaginta
902 1301 1096 1398 occidunt,
1128 1302 1244 1376 ceteri

47 1433 50 1441 ·
146 1401 374 1502 perfugam
401 1410 612 1475 evaserunt.
649 1400 841 1476 Tollentes
867 1399 995 1498 itaque
1021 1425 1084 1477 res
1112 1421 1245 1476 omnes
1285 1451 1288 1458 -

41 1498 50 1564 *²
143 1512 186 1578 et
200 1501 320 1602 spolia
340 1501 472 1596 multa⁷
491 1512 657 1575 castrum
675 1501 889 1576 incendunt.
924 1500 1101 1576 Videntes
1117 1512 1245 1578 autem

145 1601 333 1699 Lyvones⁷
353 1601 414 1699 qui
433 1613 541 1676 erant
559 1627 605 1676 ex
623 1601 696 1675 alia
716 1613 823 1701 parte
837 1601 963 1677 Coiwe.
980 1603 1018 1677 in
1032 1613 1158 1678 castro
1172 1602 1244 1676 Da·

77 1737 79 1744 v
144 1702 273 1800 taralis,
313 1702 461 1776 firmum
493 1713 531 1778 et
560 1703 688 1802 ignem
716 1704 983 1780 ascendentem
1008 1715 1046 1778 et
1076 1703 1243 1778 castrum

45 1896 50 1905 ,
143 1805 280 1878 ardere
308 1803 513 1903 cauponis,
541 1802 719 1878 timentes
738 1829 785 1878 ne
804 1803 873 1876 sibi
900 1814 939 1879 et
957 1813 1082 1878 castro
1105 1827 1174 1877 suo
1194 1804 1243 1878 si·

145 1903 252 1978 milia
279 1903 520 2002 contingant,
553 1904 735 2004 colligunt
761 1928 894 1979 omnes
920 1904 958 1978 in
985 1914 1171 2002 castrum,
1190 1913 1244 1979 ,et

142 2004 394 2079 ascendentes
410 2005 449 2078 in
467 2003 715 2080 munitionem
728 2005 903 2079 inimicos
917 2029 1008 2079 suos
1022 2015 1243 2104 exspectant

34 2152 38 2188 ,-
142 2116 185 2182 et
222 2105 458 2180 venientibus
498 2105 706 2180 fortissime
743 2105 935 2180 resistunt.
996 2106 1243 2182 confortabat

141 2205 247 2282 enim
262 2230 327 2281 eos
338 2205 523 2280 Dabrelus
535 2206 837 2305 senioripsorum
850 2207 888 2282 et
900 2206 1105 2303 animabat,
1114 2231 1242 2305 quem-

141 2307 349 2390 admodum
375 2306 543 2382 Philistei
575 2308 763 2404 quondam
791 2305 1026 2382 dicentesffi‘:
1087 2308 1242 2396 Consor-

32 2468 38 2478 ,
143 2410 291 2504 tantini,
304 2471 306 2478 Α
321 2405 522 2503 mittunt,
553 2414 590 2482 et
607 2415 788 2504 papante,
816 2431 860 2481 ne
885 2409 1053 2483 serviatis
1076 2407 1239 2482 Hebreis.

32 2531 34 2534 ·
142 2508 337 2608 Peregrini
351 2533 441 2583 vero
457 2533 543 2584 cum
555 2507 775 2607 Semigallis
788 2507 1055 2607 impugnantes
1073 2516 1239 2582 castrum

1 2641 2 2680 t
142 2635 213 2710 per
236 2619 356 2683 totam
379 2609 491 2707 diem,
522 2633 659 2708 capere
683 2633 759 2683 non
786 2610 997 2705 valuerunt,
1024 2617 1061 2683 et
1088 2607 1239 2707 quidam

1 2757 3 2814 ᾖ
140 2735 191 2786 ex
210 2710 264 2786 eis
292 2731 337 2782 ex
356 2709 428 2784 alia
448 2720 556 2810 parto
574 2734 660 2784 cum
680 2709 811 2810 paucis
830 2710 1036 2785 ascendere
1053 2719 1241 2807 temptan-

1 2820 3 2868 :
141 2821 213 2908 tes,
233 2809 397 2910 quinque
416 2837 460 2888 ex
476 2811 557 2884 suis
576 2836 598 2885 a
615 2810 828 2907 Lyvonibns
842 2810 990 2884 occisos
1004 2810 1140 2884 ibidem
1154 2808 1241 2884 reli·

1 2911 2 2916 ’
140 2922 316 3010 querunt:
353 2911 528 2986 Videntes
552 2921 678 2987 autem
704 2921 870 2986 castrum
888 2912 987 2987 forte
1005 2921 1043 2987 et
1060 2909 1240 3010 inexpug-

143 3012 269 3087 nabile
287 3012 518 3089 diverterunt
531 3015 578 3086 ab
593 3036 657 3110 eo,¹
669 3021 708 3087 et
720 3012 928 3112 spoliantes
941 3022 1083 3087 terram
1096 3009 1239 3087 reversi

140 3124 230 3188 sunt
248 3115 294 3187 ad
314 3137 416 3212 suos,
436 3123 474 3187 et
491 3112 729 3212 aputRigam
744 3111 952 3189 residentes
965 3112 1002 3187 in
1017 3111 1138 3186 reditu
1152 3132 1238 3186 cum
1360 3156 1363 3161 -

140 3213 251 3288 totali
271 3215 450 3312 enercitu⁷
470 3213 676 3290 diviserunt
698 3213 819 3312 spolia
837 3213 1024 3310 universa
1051 3238 1125 3311 que
1144 3223 1239 3287 attu-

141 3315 276 3390 lerant.
313 3314 523 3414 Episcopus
542 3324 669 3388 autem
688 3312 830 3413 gratias
845 3338 963 3413 agens
982 3313 1075 3412 Deo,
1094 3313 1248 3408 remisit

139 3415 372 3516 Semigallos
392 3441 476 3491 oum
495 3415 633 3514 gaudio
652 3414 848 3489 interram
867 3439 986 3489 suam.

218 3517 305 3590 Post
323 3517 394 3591 hec
413 3515 625 3615 episcopus,
651 3525 831 3589 renovata
856 3540 949 3615 pace
977 3538 1063 3590 cum
1080 3507 1320 3612 tymni-dt}

143 3617 234 3715 bus,
262 3617 423 3692 transire
448 3615 624 3715 proponit
649 3615 687 3690 in
705 3615 993 3715 Theuthoniam,
1021 3627 1058 3692 et
1083 3614 1238 3690 veniens
1370 3686 1374 3695 .

143 3715 181 3792 in
212 3742 339 3814 mare,
375 3742 443 3818 per
472 3727 592 3790 totam
624 3726 775 3790 noctem
807 3716 1071 3816 gravissimam
1103 3739 1239 3814 passus

142 3827 411 3918 tempestatem
437 3816 610 3915 sequenti
637 3816 698 3890 die
723 3818 901 3916 repulsus
928 3827 987 3892 est
1012 3817 1050 3891 in
1076 3816 1238 3894 Bonam.

142 3917 231 4018 lpse
257 3929 385 3994 autem
412 3919 556 4016 aliquot
583 3915 781 4016 quiescens
809 3917 958 4014 diebus,
993 3917 1092 3993 inter
1117 3915 1239 3992 exitus

144 4123 200 4198 ar)
221 4125 264 4183 cr.
286 4127 309 4183 1.
328 4125 397 4198 aeg.
416 4125 442 4190 4,
463 4127 489 4183 c.
584 4185 597 4214 .÷
713 4199 733 4210 ,,
778 4109 791 4212 f
