3016 5016
265 410 313 486 38
403 409 618 488 HlllNlllCl
645 411 925 488 CllllONlCON
951 413 1204 490 LYVONlAE.
1231 529 1233 534 Ι

262 619 331 706 est,
358 610 473 686 ceteri
493 621 620 688 autem
638 613 721 687 sani
739 625 778 690 et
794 614 1004 690 incolumes
1023 615 1145 690 Deum
1164 615 1360 691 benedice-

261 710 361 808 bant,
387 710 450 809 qui
469 713 671 789 ecclesiam
689 735 799 790 suam
817 714 854 790 in
873 739 988 790 manu
1007 741 1217 816 paucorum
1236 716 1356 792 eciam
1461 747 1463 754 ’

259 808 332 883 h-ac
348 811 431 886 vice
449 813 614 888 defendit
632 817 678 890 ub
697 814 868 891 inimicis.
1214 833 1217 840 ·

178 921 250 1009 (13.)
337 912 478 989 Eodem
517 925 703 1014 tempore·
722 941 789 1003 rex
827 917 1021 992 Danorum
1062 942 1148 992 cum
1188 917 1356 992 exercitu

258 1031 414 1115 magno,
441 1039 554 1113 quem
578 1017 655 1091 iam
681 1017 801 1092 tribus
829 1018 937 1092 annis
965 1019 1191 1117 collegerat,
1217 1019 1356 1094 resedit

260 1117 298 1190 in
329 1114 467 1211 Osilia,
498 1117 610 1192 simul
638 1127 676 1193 et
706 1118 1014 1218 archiepiscopus
1044 1117 1253 1194 hundensis
1283 1121 1356 1192 An·

259 1217 381 1314 dress,
396 1216 458 1314 qui
473 1216 510 1290 in
524 1219 788 1296 remissionem
802 1229 1046 1319 peccatorum
1061 1219 1245 1294 infinitam
1260 1220 1355 1293 mul-

256 1317 454 1392 titudinem
473 1319 582 1417 signo
601 1320 724 1395 crucis
742 1320 960 1418 signaverat
977 1322 1024 1394 ad
1042 1319 1253 1395 faciendam
1278 1320 1356 1394 vin«

258 1418 396 1492 dictam
423 1417 459 1492 iu
479 1420 693 1494 nationibus
712 1422 813 1494 etad
833 1420 1088 1520 subiugandas
1106 1431 1240 1520 gentes
1268 1421 1356 1496 lidei

258 1517 473 1592 christiane.
510 1520 694 1595 Edilicoto
709 1531 837 1598 autem
856 1531 994 1619 castro,
1014 1545 1099 1596 cum
1119 1545 1195 1596 non
1213 1521 1355 1596 inveni·

190 1701 192 1707 A
254 1629 399 1715 rentur,
426 1619 488 1716 qui
513 1631 646 1695 contra
670 1622 832 1696 insultus
856 1646 1094 1722 paganorum
1121 1622 1258 1698 ibidem
1276 1647 1356 1697 ma·

255 1737 348 1803 nere
366 1719 559 1818 aestiment,
586 1722 740 1799 incenso
760 1734 990 1820 castrus-ex
1017 1748 1103 1799 curn
1128 1724 1231 1798 omni
1251 1748 1355 1798 exer·

257 1828 334 1902 citu
360 1821 470 1896 rediit
499 1825 537 1898 in
567 1833 709 1899 terram
742 1847 862 1898 suam.
914 1823 1233 1923 Archiepiscopus
1262 1849 1353 1900 vero

255 1924 466 2002 Lundensis
494 1924 686 2025 predictus
717 1935 755 1999 et
785 1926 986 2024 episcopus
1017 1923 1234 1999 Nicolaus88
1265 1949 1353 1998 cum

255 2030 399 2103 duabus
430 2029 587 2102 navibus
618 2024 767 2099 cibariis
799 2026 951 2120 onustisz
976 2035 1014 2100 et
1047 2026 1171 2100 omnis
1206 2025 1351 2099 familia

255 2129 425 2228 ipsorum
442 2128 576 2227 Rigam
602 2127 803 2224 divertunt,
829 2137 866 2200 et
892 2125 930 2199 in
948 2126 1098 2201 Dunam
1116 2124 1308 2202 venientes
1327 2152 1351 2200 a

253 2229 447 2329 preposito
475 2231 584 2303 beate
602 2227 719 2302 Marie
738 2226 966 2326 Eggelberto
987 2238 1025 2301 et
1043 2227 1145 2301 omni
1163 2236 1350 2301 conventu

255 2356 324 2404 suo
344 2329 585 2406 devotissime
599 2327 863 2427 suscipiuntur.
899 2328 946 2401 Et
964 2327 1090 2402 audita
1108 2338 1212 2401 tanta
1231 2329 1351 2403 eccle·

254 2432 309 2506 sie
323 2431 564 2506 tribulatione
582 2439 620 2505 et
637 2427 807 2505 eiusdem
824 2427 961 2503 iterum
981 2451 1002 2500 a
1021 2428 1100 2502 Deo
1113 2429 1347 2526 liberatione,

254 2533 565 2633 congratulantur
590 2541 627 2605 et
652 2529 903 2629 congaudent,
929 2529 1194 2605 benedicentes
1213 2529 1347 2626 Deum,

254 2658 299 2709 eo
326 2634 423 2732 quod
450 2633 488 2706 in
507 2633 630 2707 medio
648 2631 823 2729 gencium
848 2629 886 2703 in
912 2639 1016 2704 tanta
1043 2631 1234 2730 paucitate
1251 2629 1375 2714 viro·¹
1505 2719 1506 2728 ἵ

252 2759 337 2808 rum
364 2759 473 2808 suam
498 2755 650 2830 semper
675 2741 876 2806 conservat
906 2731 1119 2805 ecclesiam.
1164 2731 1253 2804 Post
1276 2732 1347 2806 hec

252 2835 572 2933 archiepiscopus,
600 2834 839 2906 convocando
866 2855 1017 2906 omnem
1043 2832 1188 2908 clerum
1212 2833 1348 2906 doctri·

252 2959 339 3008 nam
365 2934 543 3032 proponit
566 2932 839 3031 theologicam,
866 2942 906 3024 et
930 2932 1091 3031 legendo
1110 2932 1148 3007 in
1166 2933 1347 3032 psalterio

251 3045 372 3109 totam
398 3036 573 3131 hyemem
594 3033 630 3107 in
650 3032 773 3107 divina
800 3034 1119 3132 contemplatione
1146 3034 1346 3108 deducunt.
1486 3114 1493 3135 ἕ

253 3136 300 3210 Et
326 3135 460 3219 merito
487 3146 573 3236 post
599 3134 699 3208 bella
726 3133 895 3208 doctrina
923 3134 1093 3232 sequitur
1119 3134 1346 3234 theologica,
1491 3140 1493 3149 '

253 3261 339 3310 cum
359 3237 492 3312 eodem
510 3247 681 3333 tempore
700 3244 787 3333 post
805 3235 903 3308 bella
922 3235 1049 3309 omnia
1073 3235 1242 3335 predicta
1261 3259 1349 3309 con·

138 3333 140 3337 ’
251 3361 362 3412 versa
389 3347 426 3410 et
450 3337 637 3437 baptizata
654 3335 704 3410 sit
720 3344 801 3410 toto
825 3333 1001 3432 Lyvonia.
1044 3336 1139 3410 Nam
1159 3346 1252 3435 post
1275 3335 1352 3408 dis·

253 3461 404 3513 cessum
426 3439 529 3538 regis
548 3437 808 3512 Ruthenorum
827 3459 913 3511 cum
938 3435 1105 3512 exercitu
1124 3461 1192 3510 suo
1211 3435 1349 3512 invasit

251 3539 367 3612 timor
380 3539 449 3614 Dei
462 3537 632 3634 hyrenes
651 3562 719 3636 per
737 3536 953 3612 universam
970 3537 1190 3634 Lysoniam,
1209 3548 1247 3614 et
1265 3537 1350 3612 mit·

254 3650 376 3716 tentes
403 3638 559 3714 nuncios
585 3637 718 3736 Rigam
746 3650 825 3712 tam
852 3637 1114 3713 Thoredenses
1141 3663 1255 3736 quam
1273 3639 1349 3711 Du·

253 3764 404 3838 nenses,
429 3748 566 3840 rogant
585 3763 628 3814 ea
648 3764 720 3837 que
738 3738 843 3838 pacis
862 3749 960 3812 sunt.
997 3740 1262 3839 Proponuntur
1279 3739 1349 3812 ita-

254 3867 327 3939 que
351 3839 654 3915 Thoredensibus
679 3839 805 3913 omnia
831 3839 951 3930 mala,
987 3864 1059 3938 que
1086 3839 1183 3914 inira
1211 3865 1348 3938 paoem

253 3965 345 4040 sepe
363 3942 545 4034 fecerant,
571 3965 665 4040 pace
683 3940 903 4040 interrupta.
939 3941 1035 4014 Nam
1054 3939 1184 4014 multis
1198 3941 1347 4038 occisis,
1488 4003 1490 4018 ,

254 4041 434 4141 Cauponi,
464 4041 539 4141 qui,
571 4041 711 4116 relictis
738 4038 814 4137 eis,
842 4065 930 4115 cum
955 4041 1169 4116 christianis
1196 4065 1349 4142 semper
1488 4037 1490 4104 ἕ

253 4167 298 4240 88)
318 4167 510 4236 slewicensem
537 4179 593 4237 erat
610 4157 786 4226 cancellarius
805 4169 878 4240 regis
898 4165 1065 4224 waldemari
1085 4167 1119 4234 ll.
1489 4147 1490 4152 ἵ
