3084 5018
275 424 487 499 lllllNRlCl
515 425 799 502 CHRONICON
817 424 1076 535 Ltvonnn,
1143 427 1213 501 221

18 623 27 718 l
122 624 249 699 Letthi
268 634 304 699 et
324 626 494 723 EstoneS,
522 651 608 700 cum
636 627 859 725 quibusdam
886 628 1006 700 eciam
1031 627 1218 732 Thoutho·

18 727 21 810 g
122 725 230 821 niciS,
257 724 535 802 circumeuntes
561 729 608 802 ad
636 751 767 802 omnes
795 727 1024 826 provinciaS,
1051 728 1218 812 tulerunt

123 841 242 923 equos
263 835 300 899 ct
317 828 432 901 boves
453 827 610 902 eximios
633 838 671 904 et
689 827 810 926 spolia
829 829 960 926 multa,
981 829 1217 924 ,frumentum

122 926 285 999 multum
317 936 355 1000 et
385 928 543 1026 similia,
585 938 622 1002 et
652 928 760 1002 villas
796 927 884 1026 igne
921 930 1217 1002 combusserunt.

18 1103 20 1124 Ε
120 1025 357 1102 Waldienses
380 1052 470 1102 vero
489 1028 657 1127 lapidum
677 1029 840 1102 iacturas
861 1029 1045 1102 sustinere
1065 1054 1139 1102 non
1158 1053 1219 1103 va·

122 1126 256 1223 lenteS,
287 1152 353 1225 pre
380 1129 617 1203 multitudiue
642 1129 783 1227 populi,
812 1131 872 1226 qui
898 1140 1005 1203 erant
1023 1129 1059 1200 in
1079 1139 1217 1224 castro,

18 1233 22 1340 ᾗ
122 1227 236 1298 simul
265 1237 302 1300 et
328 1226 549 1302 balistarum
576 1255 649 1302 non
675 1231 840 1303 ferentes
865 1230 951 1326 tela,
980 1255 1049 1302 nec
1077 1254 1152 1301 non
1181 1241 1219 1302 et

122 1326 373 1400 instrumenta
392 1329 686 1426 considerantes,
713 1355 785 1427 que
807 1331 1114 1428 preparabantur,
1139 1329 1218 1427 qui·

18 1411 22 1454 l
122 1430 193 1499 bus
206 1427 318 1501 facile
334 1440 415 1503 erat
430 1454 565 1528 capere
581 1441 766 1526 castrum,
789 1431 925 1504 timore
936 1431 1003 1503 Dei
1021 1442 1216 1528 concepto,

122 1551 258 1625 pacem
283 1537 428 1626 petunt,
455 1541 714 1628 terroremque
741 1532 838 1605 forte
863 1532 1045 1604 habentes
1071 1532 1116 1604 de
1141 1533 1218 1603 llllo-

18 1687 21 1722 ,
123 1626 300 1701 nensibus
320 1630 468 1723 occisis,
494 1631 656 1705 humiles
676 1655 716 1706 se
736 1633 905 1729 reddunt,
931 1631 1085 1730 pacifica
1103 1633 1218 1705 verba

18 1723 26 1784 '-
122 1729 340 1825 loquuntur,
367 1731 464 1803 sacri
489 1731 726 1829 baptismatis
751 1743 1031 1806 sacramentum
1050 1731 1118 1804 sihi
1138 1731 1217 1804 dari

18 1859 22 1932 g
124 1829 345 1926 suppliciter
363 1841 581 1927 exposcunt.
626 1831 810 1904 Gaudium
830 1833 903 1903 hoc
922 1843 979 1904 est
997 1832 1218 1904 christiano·

18 1935 21 1994 t
123 1954 219 2001 rum.
267 1929 367 2004 Laus
395 1931 540 2003 canitur
566 1931 739 2026 Domino,
769 1942 807 2004 et
833 1956 905 2029 pax
931 1932 1039 2004 datur
1064 1933 1217 2029 populo.

124 2027 282 2102 Obsides
307 2030 548 2126 requiruntur
573 2030 640 2103 filii
669 2031 878 2105 meliorum.
923 2031 1033 2105 Fiunt
1060 2031 1217 2105 Osiliani

18 2195 19 2202 ,
122 2129 359 2203 Waldienses
378 2130 446 2203 filii
465 2131 686 2226 obedientie,
715 2131 776 2229 qui
796 2132 984 2228 quondam
1003 2131 1069 2204 filii
1090 2157 1219 2229 super·

114 2229 195 2304 bie.
255 2230 326 2318 Qui
354 2231 542 2327 quondam
577 2232 706 2329 lupus,
740 2233 852 2304 modo
885 2233 927 2304 lit
958 2257 1089 2330 agnus.
1144 2233 1217 2321 Qui

18 2351 21 2380 ·
125 2332 314 2426 quondam
347 2340 565 2428 persecutor
592 2331 897 2428 christianorum,
925 2334 1040 2404 modu
1065 2333 1106 2404 tit
1134 2358 1219 2405 con·

122 2433 253 2525 frater,
288 2455 421 2528 pacem
443 2431 646 2529 recipiens,
675 2432 824 2506 obsides
852 2433 941 2506 dare
968 2457 1043 2505 non
1072 2443 1217 2505 contra·

18 2531 22 2548 ²
125 2531 265 2625 dicens,
293 2531 469 2628 baptismi
497 2532 658 2630 gratiam
682 2530 844 2606 fideliter
868 2543 1012 2630 petens,
1036 2533 1217 2606 tributum
1341 2605 1346 2610 .

18 2653 22 2686 l
126 2641 350 2729 perpetuum
369 2632 517 2705 solvere
535 2657 610 2704 non
629 2633 911 2730 pertimescens.

201 2731 347 2804 Dantur
369 2732 474 2845 pueri
500 2731 701 2829 nobilium,
733 2757 892 2830 quorum
920 2732 1084 2830 primum
1110 2759 1219 2808 venc-

23 2851 27 2856 ’
125 2831 255 2904 rabilis
280 2831 453 2930 Rigensrs
481 2832 682 2931 episcopus
701 2858 787 2906 cum
806 2833 943 2932 gaudio
963 2844 1000 2906 et
1019 2834 1218 2908 devotione
1324 2910 1326 2914 ,

125 2957 266 3030 magna
292 2931 576 3029 catechizatum,
605 2957 712 3007 sacro
737 2933 974 3032 baptismatis
1000 2934 1103 3009 fonte
1122 2935 1219 3033 riga-

124 3031 191 3127 vit,
211 3032 273 3104 alii
292 3031 489 3131 presbiteri
509 3033 603 3106 alios
622 3033 851 3132 rigaverunt,
879 3034 998 3132 quiet
1024 3034 1062 3106 in
1090 3037 1219 3108 urbem

18 3169 20 3216 ᾗ
125 3157 212 3207 cum
245 3130 382 3231 gaudio
415 3133 620 3230 ducuntur,
648 3145 688 3206 ut
719 3134 911 3208 Christum
942 3135 1147 3234 predicent,
1180 3147 1220 3209 ut

18 3249 21 3306 t
125 3232 415 3330 Tharaphitam,
449 3233 513 3328 qui
541 3233 633 3306 deus
664 3235 735 3306 luit
764 3232 1035 3330 Osilianorum,
1072 3235 1218 3308 eiciant.

18 3381 21 3420 ;.
126 3331 198 3420 Qui
228 3356 295 3429 per
327 3331 492 3404 medium
521 3342 686 3404 castrum
713 3334 857 3406 fontem
884 3345 1150 3408 consecrantes
1183 3346 1221 3410 et

126 3431 270 3505 dolium
297 3431 500 3529 replenteS,
527 3430 647 3528 primo
675 3430 843 3507 seniores
869 3442 906 3507 et
923 3434 1102 3508 meliores
1122 3444 1221 3509 cate·

18 3555 19 3558 ’
126 3531 307 3630 chinatoS,
336 3531 468 3605 deinde
486 3530 589 3604 viros
608 3529 700 3603 alios
720 3541 759 3606 et
775 3533 954 3606 mulieres
973 3534 1165 3631 baptizant
1183 3546 1220 3608 et

18 3673 21 3724 g
125 3655 276 3731 pueros.
322 3632 369 3705 llt
394 3629 438 3704 fit
455 3654 631 3730 pressura
650 3631 999 3707 maximavirorum
1027 3643 1064 3707 et
1088 3634 1221 3708 mulie·

18 3727 21 3738 ’
125 3757 211 3806 rum
231 3757 274 3805 ac
291 3733 536 3830 parvulorum
560 3731 820 3805 clamantium:
855 3733 1000 3807 Festino
1023 3758 1079 3806 me
1104 3733 1220 3828 bapti-

93 3835 96 3918 ᾗ
125 3855 223 3928 zare,
238 3857 258 3904 a
274 3857 385 3906 mane
400 3857 519 3930 usque
535 3833 580 3904 ad
594 3855 813 3931 vesperam,
838 3844 879 3906 ut
893 3833 1014 3908 eciam
1030 3835 1102 3932 ipsi
1116 3859 1222 3932 pres·

18 3937 20 3964 ³
124 3932 248 4028 biteri,
276 3933 339 4030 qui
364 3933 477 4005 modo
503 3933 680 4030 quinque,
706 3934 818 4006 modo
838 3957 904 4006 sex
924 3933 1135 4031 extiterant,
1154 3959 1220 4034 pre

18 4061 20 4112 ἑ
126 4032 256 4106 labore
291 4032 504 4132 baptizandi
540 4032 753 4108 delicerent.
818 4033 1060 4132 Baptizantes
1095 4035 1221 4134 itaque

972 4136 1018 4209 16
