3104 5012
288 470 501 580 nurnmct
529 471 807 545 cunouicou
832 455 1086 553 urrunnu.
1158 477 1231 550 145

3 749 5 754 ,
134 673 194 746 die
220 683 406 746 venerunt
431 671 468 744 in
494 671 637 745 curiam
655 672 858 746 Alebrandi
882 675 1090 748 sacerdotis
1117 699 1232 772 super

130 774 317 870 Raupnm,
344 771 442 846 sicut
454 773 719 846 Woldemarus
737 774 937 870 aliquando
953 776 987 848 ei
1005 775 1230 874 predixerat.

3 885 11 890 '
131 872 263 971 Ibique
281 872 412 944 diebus
429 872 548 946 tribus
567 873 817 969 quiescentes7
841 876 1022 948 ecclesias
1042 901 1174 960 ornnes
1193 875 1231 948 in

3 967 5 1046 ἶ
133 973 292 1046 circuitu
317 983 394 1044 tam
421 972 618 1068 Lyvonum
646 998 758 1070 quarn
777 974 1033 1072 Ydumeorum
1058 976 1232 1050 incende·

3 1099 10 1156 ·,
132 1085 239 1169 runt7
280 1084 317 1146 et
346 1072 560 1170 provincias
593 1084 630 1146 et
660 1073 770 1146 villas
802 1099 934 1147 omnes
970 1076 1230 1174 depredantes,

131 1174 314 1246 mulieres
346 1183 384 1245 et
413 1174 592 1270 parvulos
623 1174 792 1270 captivos
820 1175 1023 1270 duxerunt,
1063 1186 1100 1248 et
1130 1176 1230 1249 viros

54 1299 59 1306 ·
133 1297 267 1347 omnes
287 1275 582 1369 comprehensos
600 1274 880 1367 interfecerunt,
900 1285 937 1348 et
955 1277 1142 1350 frumenta
1162 1302 1230 1374 per

133 1397 249 1472 agros
281 1373 445 1470 undique
474 1385 705 1471 congregata
732 1387 1004 1470 cremaverunt.
1058 1375 1105 1449 Et
1129 1376 1232 1450 venit

132 1474 398 1568 Gerceslawe‚·
411 1473 510 1545 lilius
526 1475 768 1569 Woldemari⁷
786 1475 965 1567 cum-alio
986 1477 1165 1574 exercitu,
1193 1487 1231 1550 et

3 1651 4 1654 ,
131 1574 279 1648 obsedit
295 1576 432 1648 fratres
452 1574 590 1648 milicie
616 1573 654 1646 in
671 1576 854 1671 Wenden,
881 1586 919 1649 et
943 1577 1124 1675 pugnavit
1143 1602 1229 1649 cum

133 1674 189 1748 eis
207 1699 276 1773 per
293 1673 391 1746 diem
418 1673 537 1746 illum.
582 1674 629 1746 Et
654 1675 825 1771 sequenti
851 1675 910 1749 die
927 1677 1084 1749 transita
1105 1677 1230 1750 Coiwa

130 1774 322 1874 processit
339 1775 385 1845 ad
404 1799 534 1873 regem
550 1775 751 1871 Nogardie‚
778 1800 939 1849 necnon
959 1778 1060 1850 etad
1080 1787 1229 1874 patrem

3 1897 6 1946 ῑ
131 1899 245 1948 suum
269 1875 307 1946 in
325 1875 508 1971 Ydumea⁷
535 1884 581 1948 et·
598 1885 740 1948 terram
766 1876 962 1948 Lettorum
987 1887 1026 1950 et
1041 1877 1229 1950 Ydumeo·

3 1977 5 1982 ’
132 2000 218 2048 rum
237 1985 275 2048 et
291 1974 485 2070 Lyvonum
506 1974 616 2047 simul
637 2000 723 2048 curn
748 1974 832 2047 aliis
851 1977 1088 2074 depredando
1106 1988 1230 2050 vasta·

131 2075 197 2171 vit,
215 2075 410 2147 inferendo
429 2075 541 2172 mala,
561 2100 633 2171 que
651 2075 784 2172 potuit.
820 2075 868 2147 Et
886 2077 1080 2152 audientes
1093 2077 1229 2174 Rigen·

3 2179 5 2184 ’
132 2199 195 2250 ses
215 2175 343 2247 omnia
361 2176 474 2270 mala,
501 2200 573 2273 que
590 2175 753 2248 Rutheni
779 2176 967 2250 faciebant
983 2176 1019 2249 in
1045 2177 1228 2274 Ydumea,
1279 2215 1281 2221 .

3 2285 10 2372 ζ
132 2285 377 2350 surrexerunt
402 2299 488 2349 cum
506 2274 689 2372 Volquino
716 2276 900 2373 magistro
927 2277 1066 2351 milicie
1089 2277 1226 2352 iterum

3 2375 4 2380 ’
132 2386 171 2449 et
197 2374 374 2448 Heinrico
392 2375 587 2449 Borewino
607 2386 748 2449 etcum
766 2377 977 2474 peregrinis
996 2388 1137 2451 etcum
1156 2378 1227 2474 Ly·
1272 2393 1277 2408 ‘

3 2477 5 2480 ’
130 2475 290 2549 vonibus
309 2475 400 2571 suis,
420 2487 458 2550 et
471 2486 653 2549 venerunt
671 2475 709 2547 in
722 2476 972 2572 Tlroreydam7
992 2488 1029 2551 et
1047 2501 1227 2551 convoca·

129 2585 267 2649 verunt
293 2577 339 2647 ad
366 2599 409 2648 se
436 2575 536 2649 viros
563 2576 609 2649 de
640 2575 993 2649 circumiacentibus
1023 2577 1225 2675 provinciis

3 2685 5 2712 ³
129 2676 300 2750 volentes
314 2675 450 2748 iterum
468 2700 640 2774 pugnare
654 2700 739 2748 cum
755 2675 947 2750 Ruthenis.
983 2677 1031 2749 Et
1042 2677 1228 2751 miserunt

130 2776 389 2873 exploratores
416 2776 462 2848 ad
486 2799 565 2871 eos,
593 2776 655 2872 qui
682 2774 809 2850 statim
835 2779 984 2850 turbam
1003 2777 1226 2851 invenerunt
1330 2813 1332 2818 s

3 2915 5 2922 v
128 2877 389 2950 Ruthenorum
415 2877 453 2948 in
479 2875 763 2974 tumecutlew,
791 2887 829 2950 et
853 2885 1132 2975 persequuntur
1158 2901 1225 2951 eos

129 2999 250 3074 usque
269 2976 314 3048 ad
333 2978 514 3073 Raupam.
557 2976 615 3048 llli
633 3000 722 3049 vero
748 2978 794 3048 ad
822 3000 912 3050 suos
939 2978 1080 3052 reversi
1104 2978 1286 3082 Theu·(5.)

3 3141 4 3162 2
130 3077 371 3150 thonicorum
399 3077 604 3150 exercitum
629 3076 843 3150 venientem
867 3078 1090 3151 indicabant.
1141 3078 1224 3165 Quo

130 3176 271 3273 audito,
302 3175 429 3249 statim
461 3176 621 3250 Rutheni
648 3177 868 3250 recedentes
898 3179 1054 3252 deloco
1081 3178 1159 3274 illop
1188 3191 1227 3252 et

127 3285 369 3351 transeuntes
397 3277 586 3372 Coywam⁷
619 3277 850 3350 Wendorum
877 3288 1043 3351 castrum
1072 3279 1226 3352 obsede-

3 3423 5 3438 ι
128 3387 229 3472 runt,
263 3387 300 3450 et
326 3401 395 3473 per
422 3387 544 3448 toturn
571 3375 669 3449 diem
702 3401 789 3455 cum
814 3377 968 3450 Wendis
994 3379 1224 3475 pugnabant.

128 3476 418 3567 Descendebant
442 3501 591 3574 quoque
617 3475 802 3573 sagittarii
828 3477 989 3549 fratrum
1016 3476 1156 3550 milicie
1178 3477 1224 3551 de

128 3589 255 3651 castro
274 3600 357 3671 suo,
376 3576 564 3650 intrabant
582 3577 626 3648 ad
642 3577 805 3648 Wendos
824 3586 862 3649 et
877 3575 1021 3648 balistis
1036 3575 1115 3648 suis
1129 3578 1225 3649 mul-

3 3725 9 3757 2
85 3752 93 3764 ,
127 3685 188 3749 tos
226 3676 484 3750 Ruthenorum
515 3675 789 3750 interficiebant
821 3687 858 3750 et
891 3701 1004 3773 quarn
1038 3675 1223 3776 plurimos

3 3791 5 3868 ξ
126 3777 386 3850 vulnerabant.
431 3777 535 3850 Unde
561 3776 670 3848 multi
689 3776 834 3850 nobiles
853 3777 1019 3874 graviter
1035 3776 1222 3850 vulnerati
1310 3797 1317 3810 *

3 3945 4 3952 ,
126 3876 226 3952 inter
256 3879 351 3950 duos
380 3901 498 3974 equos
530 3878 566 3950 in
595 3875 745 3950 lectulis
774 3876 854 3950 suis
885 3876 1054 3951 semivivi
1081 3877 1224 3951 defere-

3 3983 5 4074 s
126 3980 274 4050 bantur.
328 3978 511 4076 Magister
542 3987 669 4052 autem
699 3976 838 4052 milicie
870 3978 915 4053 de
941 3978 1111 4052 Wenden
1135 4002 1223 4051 cum

3 4161 11 4266 p
125 4175 173 4250 79)
192 4174 303 4231 luceam
323 4178 474 4248 praedium.
585 4178 587 4180 ’
