3104 5012
305 471 376 546 122
446 469 658 544 HElNlllCl
685 468 964 543 CHRONlCON
990 467 1243 543 LYVONlAE.

304 679 389 744 octo
410 665 528 744 exeis
548 670 924 767 comprehenderunt,
951 679 989 743 et
1014 669 1098 742 aliis
1125 669 1273 765 occisiS,
1301 665 1400 742 alios

303 769 471 868 captivos
490 769 734 867 deduxerunt,
762 780 799 844 et
823 771 986 844 cimbam
1011 794 1125 843 unam
1151 765 1397 843 abstulerunt.

302 869 408 944 Unde
426 869 582 942 nimirmr
602 870 813 966 confortati,
832 871 1016 944 miserunt
1033 871 1079 944 ad
1098 893 1229 944 omnes
1246 869 1401 962 provin·

304 969 382 1043 cias
402 969 565 1063 bistonio,
593 969 760 1044 dicentes
787 994 829 1043 se
848 970 1070 1068 episcopum
1088 969 1292 1068 lligensem
1311 995 1396 1042 cum

305 1070 406 1143 omni
437 1070 603 1144 exercitu
635 1093 703 1142 suo
736 1070 1079 1169 comprehendisse.
1138 1071 1184 1142 Et
1213 1080 1401 1144 venerunt

305 1193 436 1242 omnes
460 1195 546 1242 cum
573 1170 739 1245 exercitu
765 1194 915 1270 magno.
970 1170 1016 1242 Et
1039 1172 1140 1243 lacto
1168 1171 1333 1243 diluculo
1357 1170 1397 1243 in

304 1269 425 1368 primo
444 1295 556 1344 mane
574 1281 694 1343 totum
713 1294 819 1344 mare
833 1281 965 1345 contra
982 1294 1052 1344 nos
1070 1273 1315 1344 tenebrosum
1334 1296 1399 1368 ap-

304 1369 429 1468 paruit
453 1370 630 1467 pyraticis
656 1370 827 1469 ipsorum
850 1371 1051 1468 repletum
1078 1382 1116 1444 et
1133 1382 1400 1470 pugnaverunt

305 1479 437 1543 contra
454 1494 521 1544 nos
540 1495 609 1568 per
627 1480 746 1543 totam
764 1471 873 1545 diem.
918 1472 965 1544 Et
991 1471 1144 1568 quidam
1163 1495 1209 1544 ex
1228 1470 1282 1546 eis
1301 1481 1401 1544 stru·

305 1579 432 1642 cturas
446 1570 636 1667 lignorum
647 1582 685 1643 et
693 1571 860 1644 liburnas
870 1581 1017 1644 veteres
1032 1572 1272 1668 adducentes,
1287 1571 1399 1644 mise-

304 1680 394 1741 runt
411 1669 448 1740 in
466 1670 705 1767 profundum,
725 1681 763 1744 et
779 1671 964 1770 lapidibus
983 1671 1247 1770 impleverunt,
1265 1682 1304 1746 et
1321 1672 1399 1744 adi·

304 1779 385 1841 tum
403 1779 535 1868 portus
549 1770 657 1843 nobis
672 1773 948 1845 obstruxerunt.
985 1772 1090 1845 Unde
1107 1769 1244 1845 timore
1258 1795 1398 1870 magno

303 1869 511 1967 perterriti,
546 1873 772 1969 putabamus
799 1873 933 1945 manus
960 1896 1093 1945 eorum
1122 1897 1196 1946 non
1227 1873 1398 1946 evadere.

305 1969 378 2042 Alii
390 1994 545 2068 guoque
572 1997 619 2045 ex
645 1971 699 2045 eis
723 1973 909 2046 ducebant
925 1973 1034 2071 ignes
1051 1972 1238 2045 maximos
1256 1983 1335 2046 tres
1354 1997 1400 2046 ex

306 2069 416 2143 siccis
442 2071 555 2168 lignis
581 2081 619 2144 et
642 2072 870 2171 pinguedine
894 2072 1113 2146 animalium
1138 2073 1334 2167 incensoS‚
1362 2083 1401 2147 et

291 2182 658 2272 superstructum
691 2174 868 2245 arborum
900 2197 1125 2270 magnarum
1156 2173 1398 2271 compositos.

307 2275 354 2347 Et
371 2273 514 2372 primus
533 2271 643 2370 ignis,
671 2273 734 2369 qui
757 2283 838 2346 erat
863 2297 977 2370 super
995 2273 1090 2346 alios
1108 2273 1231 2372 magis
1251 2274 1400 2369 ardens,

305 2375 517 2473 pellebatur
535 2396 648 2471 supra
667 2397 772 2446 mare
792 2384 829 2446 et
847 2371 1170 2472 adpropinquabat
1188 2373 1235 2446 ad
1254 2397 1337 2468 noS,
1363 2383 1400 2448 et

303 2475 438 2550 'ventus
454 2472 628 2546 australis
642 2473 751 2547 fortis
765 2473 979 2547 vehementi
992 2473 1220 2571 impulsione
1234 2475 1401 2572 pellebat

307 2601 392 2650 eum
412 2597 624 2672 supernos.
669 2573 717 2646 Et
742 2573 903 2647 Estones
922 2573 959 2646 in
986 2573 1165 2672 pyraticis
1184 2574 1262 2646 suis
1282 2573 1400 2648 circu-

306 2687 438 2751 euntes
464 2675 591 2772 ignem
611 2673 871 2746 custodiebant
888 2698 987 2772 eum,
1015 2684 1054 2747 et
1070 2673 1109 2746 in
1126 2674 1268 2748 directo
1292 2675 1401 2748 duce·

305 2779 395 2850 bant
413 2800 500 2849 eum
519 2798 633 2870 super
650 2773 795 2847 medios
810 2797 1014 2872 coggones.
1051 2774 1242 2871 Erantque
1261 2797 1400 2872 coggo-

305 2901 373 2951 nes
407 2897 538 2948 omnes
569 2873 606 2945 in
636 2898 754 2948 unum
786 2873 972 2978 colligati,
1009 2883 1050 2946 ut
1078 2874 1225 2947 facilius
1253 2899 1321 2947 nos
1353 2877 1399 2947 ab

305 2976 466 3050 inimicis
485 2973 784 3078 defenderemus²
811 2984 990 3071 tantoque
1017 2974 1140 3072 magis
1163 2974 1291 3072 ignem
1316 2999 1399 3048 eva-

307 3078 395 3151 dere
413 3100 486 3148 non
506 3095 618 3171 posse
636 3073 873 3162 timebamus.
909 3075 956 3146 Et
974 3099 1059 3147 cum
1079 3075 1155 3146 iam
1173 3075 1273 3172 ignis
1286 3075 1399 3172 item,

307 3175 424 3250 alcior
450 3172 685 3271 coggonibus
712 3174 905 3270 omnibus,
939 3173 1115 3248 flammas
1140 3198 1227 3247 suas
1255 3177 1302 3247 ad
1329 3198 1398 3248 nos

307 3277 536 3370 extenderet,
556 3274 795 3347 evocan'mus
811 3273 1032 3372 episcopum
1046 3275 1091 3348 de
1106 3277 1299 3349 camerula
1318 3299 1399 3371 sua,

306 3377 345 3449 in
373 3401 445 3474 qua
473 3385 555 3449 erat
580 3398 692 3447 orans
721 3374 779 3449 die
807 3399 851 3447 ac
878 3385 1008 3452 nocte..
1045 3374 1212 3449 Etvenit
1236 3385 1274 3450 et
1296 3375 1399 3472 vidit

306 3479 406 3574 quod
425 3500 499 3548 non
519 3484 601 3552 erat
613 3474 813 3547 consilium
831 3483 870 3549 et
882 3473 1063 3547 auxilium
1082 3475 1201 3570 nobis7
1219 3475 1292 3548 nisi
1311 3474 1400 3549 divi·

307 3602 408 3651 num.
444 3576 491 3648 Et
510 3576 662 3653 elevans
681 3575 812 3648 oculos
832 3598 922 3647 suos
946 3584 984 3647 et
1001 3598 1136 3648 manus
1155 3585 1335 3672 utrasque
1354 3575 1399 3647 ad

307 3679 444 3775 celum,
471 3681 603 3751 orabat
621 3677 665 3748 ab
684 3675 772 3774 igne
789 3673 956 3773 presenti
978 3674 1139 3749 liberari.
1176 3674 1223 3747 Et
1239 3674 1400 3748 vidimus

308 3802 453 3875 omnes,
473 3789 510 3851 ct
528 3804 617 3853 ecce
635 3777 759 3849 subito
774 3785 908 3849 ventus
928 3775 1103 3848 australis
1118 3799 1324 3849 conversus
1344 3784 1402 3849 est

306 3879 344 3951 in
372 3879 607 3974 orientalem
635 3887 673 3950 et
694 3886 827 3949 ventus
847 3878 892 3947 ab
912 3875 1057 3949 oriente
1075 3875 1261 3950 convertit
1284 3875 1401 3949 venti·

306 3979 464 4076 logium,
483 3980 581 4075 quod
601 3976 736 4052 eratin
754 3976 852 4069 velo,
872 3975 910 4046 in
925 3976 1168 4072 contrarium,
1189 3987 1225 4050 et
1241 3975 1402 4050 removit

305 4080 433 4176 ignem
461 4104 483 4150 a
509 4078 630 4173 nobiS,
657 4085 807 4149 etcum
835 4075 936 4146 omni
965 4076 1252 4151 mansuetudine
1276 4077 1401 4178 depel-

306 4181 408 4254 lebat
433 4203 520 4252 eum
546 4181 687 4251 circum
712 4197 905 4274 coggones
930 4186 1032 4250 retro
1058 4201 1127 4249 nos
1145 4178 1183 4250 in
1201 4200 1317 4251 mare.
1355 4174 1402 4248 Et
