827 1327
178 143 203 161 64
251 141 357 160 HEINRICI
371 141 510 160 CHRONICON
523 141 649 160 LYVONIAE.

177 195 252 211 tantum
261 191 348 210 omnibus
360 191 447 220 gentihus
460 191 479 210 in
488 192 543 210 terris
552 191 593 210 istis
603 191 672 220 existen

179 217 303 241 dominantes,
318 219 358 235 tam
371 216 479 235 christianis
491 223 548 241 quam
562 216 647 245 paganis,
661 223 672 235 u

178 242 248 266 aliqui'
244 248 262 260 in
269 242 339 260 villulis
347 242 432 260 hahitare
439 242 535 266 auderent⁷
543 244 562 260 et
569 242 650 260 maxime
657 242 671 260 L

178 267 215 290 Qui
224 267 351 291 relinquentes
361 267 428 285 domos
437 273 482 285 suas
491 267 575 286 desertas
585 267 672 285 tenebras

177 298 244 311 varum
258 298 334 317 semper
347 292 451 316 querebant
464 292 547 316 latibula,
564 298 598 310 nec
611 292 638 310 sic
650 298 672 316 qn

178 324 210 336 eos
227 317 306 336 evadere
319 319 432 342 potuerunt3
452 323 496 335 nam
511 317 615 335 insidiando
631 317 659 336 eis

177 346 265 371 tempore
279 348 313 367 pei·
326 342 383 361 silvas
397 348 431 361 eos
444 342 633 367 comprehenderunt,
649 345 668 361 et

177 368 245 387 occisis
254 367 302 386 311115
309 367 396 396 'captivos
409 367 428 385 in
437 370 508 386 terram
517 373 572 386 suam
581 368 672 386 deduxert

179 393 243 411 omnia
252 398 287 411 sua
296 392 324 411 eis
334 392 456 411 abstulerunt.
475 392 498 411 Et
507 393 596 417 fugerunt
602 393 672 411 Ruther

177 418 236 436 silvas
243 420 262 436 et
268 417 323 436 villas
332 423 343 435 3
351 417 399 436 facie
406 417 499 436 Lemnum
506 418 550 436 licet
557 424 667 442 paucorum,

177 443 252 467 fugiunt
260 443 336 467 lepores
345 445 389 461 ante
398 442 466 461 faciem
475 445 591 467 venatorum
601 445 620 465 et
629 449 672 461 eran

177 474 236 486 vones
250 470 269 486 et
281 467 342 486 Leuni
358 467 411 486 cibus
422 470 441 486 et
453 474 498 486 esca
510 468 623 492 Lethonum⁷
639 470 658 486 et

177 499 222 512 oves
232 493 250 511 in
259 493 314 511 fauce
321 492 415 517 luporum,
425 498 469 511 curu
476 493 514 511 sint
520 493 560 511 sine
567 481 649 518 pasto⁷re
667 493 672 511 1

176 518 235 543 igitur
244 520 327 546 pastore⁷
340 518 426 536 liberavit
435 517 486 536 Deus
496 524 541 536 oves
553 524 597 536 suas
606 518 646 542 Lyv
647 524 671 536 on

176 543 269 562 Leththos
282 549 320 561 iam
333 543 438 567 baptizatos
452 549 463 561 3
476 543 562 561 faucibus
575 543 670 571 luporum,

177 574 236 593 scopo
248 568 336 586 videlicet
347 568 430 592 Albano,
444 568 475 592 qui
488 570 592 586 convocato
605 568 672 587 91191911

178 593 266 611 omnibus
277 593 345 611 finibus
354 593 437 617 Lyvnnie
447 595 466 611 et
474 593 561 612 Leththie
574 596 592 612 et
606 599 648 611 cum
658 593 672 611 R

177 618 230 637 sibus
248 621 267 636 et
282 618 387 643 peregrinis
402 621 422 636 et
437 618 488 636 omni
503 619 573 643 populo
589 624 624 637 suo
640 624 672 636 asc

176 643 251 661 Dunam
263 649 330 662 versus
343 643 482 667 Kukennoys.¹
477 643 513 661 ·Et
525 649 569 662 cum
581 646 633 662 esset
645 643 672 662 Ge

176 674 252 693 semper
264 669 283 687 in
296 668 385 697 laqueum
399 671 418 687 et
430 668 483 692 quasi
496 668 514 686 in
524 668 624 692 dyabolum
634 675 672 693 mag

177 694 278 712 omnibus
273 700 292 711 m
302 693 343 722 ipsa
352 695 406 717 parte
415 693 469 712 Dune
478 693 611 718 habitantibus⁷
625 694 672 718 bapt

177 721 196 737 et
209 725 245 737 non
258 718 365 743 baptizatis⁷
382 720 400 736 et
412 721 463 736 esset
474 724 507 737 rex
520 718 543 737 de
556 719 637 737 Ger-eike
649 725 670 737 se

176 743 287 762 inimicicias
303 746 322 762 et
336 741 387 761 1191111
402 746 467 761 contra
482 743 574 768 Rigenses
589 750 672 762 exer=cen

176 768 229 793 pacis
242 768 316 786 sedem
319 774 362 786 curn
375 768 458 786 915111119
467 771 610 797 contempnens,
624 769 672 793 epist

177 793 281 812 exercitum
296 799 352 812 suum
368 793 460 811 convertit
475 793 498 811 ad
516 794 617 812 civitatem-
643 794 671 812 Ru

175 824 220 836 vero
230 818 315 837 videntes
324 818 427 836 exercitum
437 824 448 836 3
457 818 514 843 longe
523 819 636 843 venientem⁷
649 819 671 837 311

175 846 215 861 tam
225 843 305 861 civitatis
314 845 421 867 occurrunt,
434 846 453 862 et
462 850 506 862 cum
514 844 639 862 Theuthonici
653 850 672 862 et

176 868 232 886 matis
246 868 332 886 manibus
342 868 455 893 impeterent
467 871 485 887 et
495 869 586 893 quosdam
599 875 622 888 ex
636 869 663 887 eis

176 893 252 917 dei-ent
270 893 306 918 ipsi
318 899 339 911 se
351 893 452 912 defendere
466 900 505 912 non
515 894 610 918 valentes,
627 894 672 919 fugi<

175 918 199 936 Et
212 918 337 937 Theuthonici
350 924 383 936 eos
396 918 517 943 insequentes
531 922 605 943 portam
619 925 663 937 cum

176 943 303 967 intraverunt⁷
320 946 339 962 et
354 949 388 968 pre
403 944 512 962 reverencia
527 944 624 962 christiani
640 950 672 962 noi

175 974 247 993 paucos
256 968 369 993 occidentes,
382 968 446 993 plures
460 969 576 998 captivantes
586 972 604 988 et
613 975 648 994 per
656 969 672 988 ἡ

175 993 256 1012 evadere
265 994 326 1018 magis
336 1000 369 1015 eos
378 994 514 1018 permittentes,
528 994 638 1013 mulieribus
652 997 671 1013 et

175 1019 224 1047 vulis
231 1021 331 1043 postquam
339 1019 433 1037 civitatem
440 1022 531 1044 ceperunt
538 1022 644 1044 parcentes,
651 1026 669 1038 rn

175 1050 198 1062 ex
207 1043 235 1062 eis
244 1044 391 1069 captivaverunt,
404 1046 424 1062 et
435 1050 481 1072 rege
494 1046 546 1063 trans
559 1044 633 1063 Dunam
645 1051 672 1063 113

175 1069 259 1093 fugiente
275 1075 317 1087 cum
333 1069 418 1094 pluribus
433 1069 486 1093 111115,
503 1070 568 1094 regina
584 1072 639 1094 capta
658 1076 672 1088 es
