3084 5018
297 481 368 554 154
440 474 654 550 uniamur
681 425 958 548 cunonrcon
983 471 1234 546 urvonnu.

294 678 529 753 intraverunt
550 675 755 770 Vironiam,
782 699 854 771 que
881 684 939 748 est
962 685 1064 748 terra
1087 641 1221 748 fertilis
1247 686 1285 748 et
1307 676 1396 774 pul·

295 776 479 851 cherrima
500 786 538 850 et
555 799 777 873 camporum
795 775 956 872 planicie
971 776 1155 888 speciosa.
1192 775 1240 847 Et
1256 799 1397 872 sequet-

290 881 430 950 bantur
448 899 513 950 eos
533 876 804 950 Gerwanenses
821 884 900 948 tem
920 877 1079 972 equites,
1097 901 1211 973 quam
1230 876 1395 974 pedites⁷

295 988 333 1052 et
350 1001 422 1050 non
442 976 638 1052 audierant
654 978 881 1049 Vironenses
902 976 1109 1050 exercitum
1126 977 1390 1072 Lyvonensem

292 1081 520 1172 venientem⁷
548 1089 585 1154 et
604 1087 712 1150 erant
729 1100 862 1150 omnes
880 1077 918 1149 in
932 1065 1030 1150 villis
1048 1086 1086 1150 et
1104 1076 1277 1150 domibus
1295 1077 1393 1192 suis,

294 1189 332 1254 et
349 1203 461 1252 mane
479 1179 579 1251 lacto
597 1177 803 1250 diviserunt
820 1177 1006 1250 exercitus
1026 1177 1072 1249 ad
1091 1200 1223 1250 ornnes
1241 1177 1393 1275 provin·

294 1280 385 1374 ciaS,
412 1289 451 1353 et
467 1279 650 1353 dederunt
675 1276 769 1350 alias
794 1277 1120 1372 Gerwanensibus,‚
1147 1276 1240 1356 alias
1265 1277 1391 1375 Ugau-

293 1379 493 1473 censibus,
537 1389 575 1452 et
608 1378 701 1450 alias
732 1378 916 1452 dederunt
944 1376 1158 1472 Lyvonibus
1197 1389 1236 1451 et
1269 1377 1392 1450 Lettis

295 1479 571 1576 despoliandas.
619 1478 668 1550 Et
690 1477 914 1552 invenerunt
939 1502 1090 1552 omnem
1115 1478 1299 1576 populum
1320 1503 1393 1576 per

295 1579 511 1652 universam
527 1578 719 1650 Vironiam
736 1578 774 1650 in
791 1579 904 1674 villis,
931 1589 969 1650 et
986 1589 1261 1676 percusserant
1281 1601 1347 1652 eos
1367 1605 1389 1650 a

296 1702 434 1776 magno
460 1703 578 1775 usque
604 1680 650 1750 ad
677 1677 876 1774 minorem,
904 1687 941 1752 et
958 1702 1034 1750 non
1052 1689 1304 1776 pepercerunt
1321 1679 1392 1775 eis⁷

295 1788 489 1876 quotquot¹
497 1778 695 1852 masculini
713 1801 826 1853 sexus
844 1779 1079 1875 invenerunt⁷
1099 1789 1137 1853 et
1154 1779 1332 1853 mulieres
1352 1789 1394 1852 et

293 1880 472 1977 parvulos
492 1881 695 1979 capientes
722 1891 760 1954 et
786 1902 903 1976 equos
931 1889 970 1952 et
987 1904 1126 1977 pecore
1151 1881 1270 1953 multa
1288 1902 1390 1952 com·

295 1981 492 2078 pellentes
512 1980 634 2078 spolia
647 1981 766 2053 multa
780 1981 958 2054 tulerunt.
990 1979 1038 2051 Et
1051 1980 1393 2077 posueruntTheu·

294 2080 436 2153 thonici
463 2106 572 2154 suam
599 2081 934 2178 congregationem
960 2079 1112 2153 invilla
1138 2105 1289 2178 magna,
1315 2105 1393 2176 que

285 2177 473 2253 .Turme⁸⁸
496 2191 662 2254 vocatur.
716 2181 887 2276 Lyvones
914 2191 952 2254 et
977 2180 1076 2253 betti
1101 2204 1211 2253 suam
1236 2204 1391 2276 mayarn

295 2280 526 2394 elegerunt
517 2307 554 2352 in
572 2279 752 2377 Avispe⁸⁹
804 2279 1139 2355 Sackalanenses
1129 2307 1167 2354 in
1191 2281 1391 2394 Revelensi

296 2381 487 2495 prpvincia
500 2381 732 2476 resederunt,
751 2379 1051 2455 Gerwanenses
1041 2409 1079 2454 rn
1094 2383 1172 2454 suis
1186 2380 1391 2494 provinciis

297 2482 527 2579 quieverunt
575 2481 822 2580 Ugaunenses
846 2481 1078 2578 provinciam
1104 2481 1175 2556 sibi
1192 2480 1393 2555 contermi-

297 2607 404 2674 nam,
441 2608 512 2680 que
543 2581 716 2654 Pudiviru
742 2591 917 2676 vocatur,
952 2581 1218 2678 depredantes,
1252 2582 1391 2656 ibidem

295 2683 557 2756 consederunt.
612 2682 658 2753 Et
688 2692 888 2780 postquam
921 2683 1087 2779 graviter
1115 2682 1227 2754 nimis
1259 2682 1392 2756 diebus

296 2784 463 2880 quinque
484 2793 604 2854 totam
621 2793 762 2856 terram
786 2782 891 2854 illam
914 2793 1195 2880 percusserunt,
1221 2793 1273 2859 et,
1287 2781 1392 2854 milia

296 2885 416 2958 multa
448 2882 675 2981 populorum
701 2882 988 2977 interfecerunt,
1027 2893 1212 2957 venerunt
1236 2883 1407 2956 tandem-

296 2985 343 3057 ad
362 3007 432 3056 nos
450 2983 619 3056 seniores
637 2982 928 3080 provinciarum,
947 2982 1009 3079 qui
1028 3009 1097 3081 per
1114 2984 1245 3082 fugam
1260 3007 1391 3056 evase·

296 3093 392 3173 rant,
417 3082 637 3180 suppliciter
653 3107 835 3179 propace
853 3092 1037 3180 petentes,
1073 3083 1120 3159 Et
1137 3083 1190 3156 ait
1207 3083 1391 3163 Rodolfus

295 3184 455 3256 fratrum
473 3182 612 3256 milicie
638 3182 838 3280 magister:
873 3181 1049 3280 Numquit
1068 3207 1155 3256 nom
1174 3207 1307 3278 pacem
1325 3181 1390 3254 ad·

294 3283 366 3356 buc
383 3281 611 3377 desideratis,
630 3285 692 3378 qui
710 3306 840 3376 pacem
858 3291 1025 3358 nostram
1043 3282 1146 3358 bellis
1162 3287 1292 3358 uestris
1309 3307 1391 3376 sepe

296 3384 496 3457 turbastis?
531 3383 605 3457 Sed
616 3406 697 3476 pou
713 3407 786 3456 non
804 3383 955 3466 dabitur
971 3385 1085 3480 vobis,
1110 3387 1182 3456 nisi
1196 3407 1275 3477 pua
1290 3382 1390 3456 illius

295 3487 371 3558 ueri
391 3487 551 3578 pacifici,
577 3486 639 3580 qui
656 3486 745 3571 fecit
761 3491 916 3580 utraque
934 3484 1093 3581 uuum90,
1120 3487 1341 3579 coniunpens
1358 3489 1394 3555 et

291 3588 537 3680 pacificanst
535 3608 664 3658 erreuu
691 3583 886 3659 celestibus.
942 3586 1011 3674 Qui
1037 3585 1082 3658 de
1104 3585 1180 3658 celo
1205 3583 1391 3666 desideru-

296 3693 354 3758 tus
379 3685 577 3782 pentibus⁹¹
604 3708 669 3757 rec·
693 3683 889 3778 descendit,
863 3689 1202 3802 tesspectutioet
1186 3683 1349 3757 ttsuloa
1333 3690 1391 3756 tor

207 3800 286 3904 usurp.
296 3811 431 3860 eorum
470 3787 538 3875 Qui
552 3789 711 3880 precepit
728 3783 916 3879 discipulis
932 3789 1022 3880 suis,
1048 3786 1188 3859 diceus:
1214 3785 1308 3882 „lm
1327 3785 1389 3856 do·

199 3859 277 3914 Μ
280 3893 377 3961 cete
396 3911 529 3960 omnes
548 3896 694 3984 genteS,
714 3886 946 3984 baptizantes
966 3909 1042 3960 eos.
1047 3887 1070 3928 l‘
1107 3885 1148 3958 Si
1166 3909 1252 3980 erpo
1270 3885 1390 3958 uolue-

267 3989 328 4060 ri
330 3989 376 4060 tis
395 3987 649 4082 baptizariet
614 3984 815 4058 eteundem
832 3986 947 4059 Deum
965 4009 1078 4060 unum
1104 3986 1391 4058 christianorum

293 4139 338 4210 88)
364 4139 479 4210 Torma,
507 4161 521 4194 a
546 4141 719 4210 Wesenberg
745 4141 778 4192 nd
803 4142 953 4195 meridiem.
1114 4140 1158 4212 89)
1182 4135 1292 4212 Awispil
1317 4139 1388 4194 villa.

294 4213 339 4286 90)
359 4213 460 4284 Ephes.
480 4215 506 4277 2,
530 4213 569 4266 14.
645 4213 690 4285 sn
709 4213 837 4283 Aggaeus
855 4215 880 4279 2,
900 4213 926 4268 8.
