3104 5012
293 437 363 508 148
436 425 649 504 HElNlllCl
677 422 955 500 CHRONICON
982 425 1235 500 LYVONlAE.

289 631 463 705 homines
481 625 763 720 interficientes
790 636 828 700 et
846 627 941 700 alios
960 627 1166 726 capienteS,
1192 639 1231 701 et
1248 651 1390 726 pecora

290 732 410 806 multa
429 739 465 803 et
484 727 605 827 spolia
624 726 829 824 rapientes,
852 727 897 799 ad
915 745 1116 826 vesperam
1134 738 1391 826 pervenerunt

291 832 336 906 ad
358 830 500 924 villam,
527 853 600 924 que
626 825 800 900 Ladise⁸⁰
823 837 992 924 vocatur,
1019 838 1057 901 et
1082 826 1132 901 ibi
1159 839 1267 902 nocte
1285 828 1392 927 quie·

291 941 454 1026 scenteS,
473 930 518 1001 ad
538 927 650 1001 aliam
670 927 799 1001 villam
816 927 991 1024 vicinam,
1010 952 1082 1025 que
1102 927 1258 1002 Culdale
1277 953 1391 1002 voca·

291 1045 364 1129 tur,
392 1029 562 1126 sequenti
588 1027 647 1102 die
673 1038 936 1126 perrexerunt,
964 1038 1002 1101 et
1027 1028 1199 1127 rapinam
1228 1029 1391 1103 multam
1504 1025 1506 1028 ’

292 1140 529 1230 acceperunt.
590 1129 679 1200 Post
715 1127 881 1201 triduum
919 1152 1035 1226 super
1065 1128 1228 1227 glaciem
1259 1130 1389 1226 maris,

292 1232 391 1330 quod
418 1229 582 1304 vicinum
609 1237 703 1324 erat,
730 1229 914 1323 abierunt,
945 1228 1131 1328 pellentes
1150 1253 1281 1303 secum
1307 1255 1392 1328 pre·
1500 1279 1504 1291 ·

293 1334 379 1405 dam
396 1330 609 1404 universam
621 1339 659 1402 et
676 1327 858 1427 captivoS,
878 1327 939 1401 ubi
956 1353 1054 1403 nunc
1069 1329 1164 1402 Dani
1179 1328 1391 1403 claustrum
1500 1368 1510 1381 ·*

294 1429 445 1505 suurn⁸1
464 1431 501 1503 in
519 1428 642 1502 vicino
662 1427 940 1510 edificaverunt.
977 1428 1025 1501 Et
1042 1440 1275 1504 revertentes
1299 1456 1392 1529 pau·
1502 1485 1507 1492 .

292 1532 399 1604 latim
426 1531 463 1602 in
491 1530 626 1626 glacie,
661 1529 791 1602 decern
818 1529 946 1603 diebus
974 1539 1130 1629 propter
1155 1530 1324 1628 captivos
1352 1540 1390 1605 et

293 1632 449 1731 predam
467 1653 614 1702 moram
632 1628 791 1702 lecimus
811 1640 1075 1727 exspectantes
1095 1629 1215 1704 eciam
1230 1629 1391 1704 Osilien·
1509 1718 1510 1721 Ἴ

294 1755 356 1806 ses
382 1740 447 1803 aut
472 1729 567 1802 alios
592 1729 767 1826 Estones,
793 1729 825 1801 si
844 1729 942 1803 forte
961 1731 1007 1802 ad
1025 1731 1240 1804 bellandum
1260 1742 1391 1804 contra

294 1855 364 1906 nos
382 1839 640 1928 sequerentur.
691 1829 862 1926 Cumque
888 1830 934 1902 ad
953 1828 1141 1904 Saletsam
1160 1830 1389 1926 veniremus,
1508 1853 1509 1856 ’

295 1932 423 2005 divisis
443 1929 572 2030 spoliis
591 1928 735 2002 cunctis
754 1929 851 2002 inter
869 1953 951 2020 nos,
979 1955 1065 2004 cum
1090 1929 1228 2029 gaudio
1247 1931 1390 2005 reversi
1510 1964 1514 1983 =

296 2055 427 2105 sumus
445 2031 483 2103 in
501 2030 718 2126 Lyvoniam,
745 2028 843 2102 sicut
869 2030 1037 2103 exultant
1054 2031 1218 2103 victores
1241 2032 1390 2128 quando

296 2131 463 2205 dividunt
480 2129 614 2228 spolia.
648 2197 652 2204 .

67 2327 71 2332 ’
151 2339 285 2428 (ΧΧΙΙΙ.)
375 2317 605 2404 ¹Bisdenus
624 2329 767 2428 primus
787 2329 963 2403 antistitis
981 2329 1116 2402 institit
1133 2355 1265 2428 annus,

205 2422 286 2480 ¹²¹⁹·
423 2431 470 2504 Et
488 2455 560 2504 non
580 2456 601 2505 a
619 2429 729 2504 bellis
747 2430 943 2526 Lyvonum
960 2441 1061 2504 terra
1082 2430 1233 2528 quievit.

365 2533 468 2630 ,Nam
488 2533 621 2606 eodem
645 2555 743 2604 anno
762 2531 861 2604 facte
880 2540 968 2602 sunt
985 2529 1241 2629 expeditiones
1261 2530 1394 2626 multe,

298 2633 515 2729 bellumque
532 2632 751 2704 innovatum
770 2641 837 2706 est.
886 2631 1078 2726 Redeunte
1096 2631 1222 2728 itaque
1242 2631 1394 2729 presule

296 2734 442 2833 prefato
471 2735 517 2806 de
542 2731 791 2828 Theuthonia,
816 2742 1002 2805 venerunt
1027 2756 1113 2804 cum
1138 2756 1183 2805 eo
1202 2730 1394 2830 peregrini

298 2832 408 2908 multi
427 2843 465 2907 et
482 2831 637 2906 nobiles
674 2831 841 2918 Quorum
860 2832 1004 2930 primus
1032 2842 1114 2905 erat
1136 2833 1210 2904 dux
1228 2831 1394 2906 Saxonie

259 3010 265 3024 ,
299 2935 344 3008 de
370 2932 534 3007 Anehalt
558 2932 747 3028 Albertus,
774 2932 954 3005 Rodollus
982 2932 1028 3006 de
1054 2931 1190 3029 Stotle,
1216 2934 1395 3030 burcgra-

298 3035 394 3130 vius,
429 3031 575 3105 iuvenis
600 3055 728 3104 comes
755 3029 926 3128 quidam,
960 3031 1088 3104 etalii
1115 3056 1228 3129 quam
1252 3033 1395 3131 plures,

301 3133 363 3230 qui
395 3130 515 3229 parati
541 3140 649 3203 erant
677 3131 876 3204 ecclesiam
904 3132 1105 3206 defendere
1133 3142 1171 3206 et
1196 3144 1299 3206 stare
1324 3156 1393 3232 pro

301 3236 411 3305 domo
431 3229 581 3303 Domini
599 3230 636 3303 in
655 3229 715 3304 die
732 3230 851 3328 prelii.
1020 3295 1022 3298 .

237 3347 289 3434 ρ.)
376 3329 548 3404 Surrexit
571 3331 683 3404 etiam
711 3356 777 3405 rex
803 3331 919 3406 Dacie
942 3356 1027 3404 cum
1059 3333 1225 3406 exercitu
1253 3355 1395 3430 magno

301 3432 435 3506 eodem
452 3442 638 3531 tempore,
665 3442 703 3506 et
719 3432 822 3506 venit
840 3457 926 3504 cum
945 3457 990 3505 eo
1004 3433 1215 3507 Lundensis
1234 3433 1395 3507 ecclesie

299 3531 524 3607 venerahilis
543 3531 849 3631 archiepiscopus
867 3533 1048 3628 Andreas,
1067 3544 1105 3606 et
1121 3533 1300 3607 Nicolaus
1319 3532 1396 3631 epi·

301 3631 491 3731 scopus⁸²,
517 3643 553 3706 et
578 3633 718 3707 tercius
743 3632 943 3731 episcopus
970 3633 1217 3708 cancellarius
1241 3631 1395 3732 regis⁸³,

301 3744 456 3832 eratque
486 3757 572 3807 cum
603 3727 656 3807 eis
687 3732 872 3806 Estiensis
900 3733 1100 3831 episcopus
1127 3733 1395 3829 Theodericus,

300 3834 339 3908 in
370 3834 465 3934 lliga
493 3835 681 3932 quondam
713 3844 974 3929 consecratuS,
1015 3834 1079 3932 qui
1115 3833 1246 3908 relicta
1277 3834 1396 3932 Lyvo-

302 3935 409 4010 nensi
428 3935 589 4010 ecclesia
615 3933 696 4032 regi
715 3934 873 4029 adhesit,
901 3944 939 4008 et
954 3934 1144 4008 Wizzlaus
1173 3933 1396 4010 Sclavorum

301 4088 348 4162 80)
367 4087 442 4143 Laitz
461 4086 609 4160 praedium
756 4086 801 4157 81)
827 4087 987 4144 lteralense.
1135 4087 1181 4162 82)
1208 4086 1396 4144 slesvicensis.

302 4161 348 4234 83)
367 4159 472 4226 Petrus,
492 4163 635 4233 epiecopus
655 4159 869 4216 hoeslrildensis.
