3084 5018
315 451 389 528 212
453 449 667 524 HEINRlCl
694 446 974 523 CHRONlCON
1000 447 1255 524 LYVONlAE.

254 668 305 753 (6.)
392 651 557 727 Reverso
585 675 674 726 vero
705 652 832 751 legato
864 651 964 724 sedis
989 650 1198 749 apostolice
1222 669 1357 726 rursus
1375 653 1417 725 in

316 755 463 854 Rigam,
483 765 681 853 surgentes
696 751 957 848 Theuthonici,
976 751 1041 850 qui
1054 761 1163 826 erant
1176 752 1214 826 in
1229 752 1415 852 Odempe,

315 867 487 956 tempore
524 854 758 954 autumpnali
794 864 880 929 cu'm
912 852 1014 928 omni
1049 853 1231 928 comitatu
1263 879 1334 927 suo
1365 856 1414 927 ad

315 957 553 1030 vocationem
571 956 765 1030 seniorum
783 954 1060 1028 Wironensium
1079 964 1265 1032 venerunt
1282 953 1320 1027 in
1338 955 1416 1028 Wi-

246 1077 251 1086 ·
315 1057 474 1153 roniam,
501 1068 538 1132 et
556 1065 855 1157 preoccupantes
876 1065 1000 1129 castra
1017 1055 1185 1129 Wironie
1203 1056 1333 1128 Danos
1353 1081 1416 1130 ex·

315 1159 518 1259 pellebant,
548 1158 716 1233 dicentes
741 1167 883 1230 terram
908 1161 1030 1270 ipsam
1057 1155 1235 1254 primitus
1254 1183 1276 1228 a
1294 1155 1414 1252 Lyvo-

315 1259 494 1333 nensibus
512 1259 648 1335 vexillo
667 1261 778 1332 beate
789 1256 952 1356 Virginis
971 1257 1016 1332 ad
1036 1257 1149 1330 tidem
1168 1256 1412 1330 christianam
1495 1256 1500 1266 '

315 1361 565 1460 subiugatam.
610 1359 656 1431 Et
674 1367 857 1459 oeperunt
873 1357 1058 1432 dominari
1077 1357 1114 1430 in
1133 1357 1310 1431 omnihus
1328 1382 1415 1456 pro·

313 1461 447 1535 vinciis
480 1472 517 1534 et
548 1460 682 1534 castris
707 1459 886 1533 Wironie.
940 1458 1023 1546 Quo
1052 1459 1217 1556 cognito,
1251 1460 1413 1531 domnus

317 1562 466 1660 legatus
491 1561 590 1634 idem
623 1563 844 1635 convocavit
870 1561 916 1632 ad
942 1583 984 1635 se
1017 1559 1298 1633 Theuthonicos
1330 1583 1415 1634 eos·

317 1663 416 1760 dem,
443 1673 480 1735 et
504 1685 664 1735 censura
691 1660 949 1738 ecclesiastica
976 1660 1227 1760 compellebat
1245 1685 1313 1733 eos
1339 1670 1414 1734 ter-

315 1787 399 1836 ram
430 1762 554 1861 ipsam
580 1762 618 1834 in
651 1762 925 1861 protectionem
957 1761 1095 1834 summi
1130 1761 1321 1861 pontificis
1357 1785 1413 1836 re·

317 1865 492 1963 signare,
528 1866 755 1962 mittensque
787 1862 914 1936 statim
945 1861 1103 1936 nuncios
1135 1863 1180 1936 ad
1213 1862 1343 1936 Danos
1374 1862 1413 1936 in

316 1964 479 2062 llevalis,
506 1964 678 2038 similiter
697 1963 949 2062 compellebat
967 1973 1004 2037 et
1022 1987 1089 2038 eos
1113 1963 1150 2037 in
1169 1987 1304 2037 manus
1324 1987 1413 2036 suas

315 2065 511 2164 resignare
528 2075 669 2140 terram
697 2065 820 2164 ipsam
848 2090 917 2139 nec
936 2088 1011 2138 non
1030 2075 1067 2138 et
1085 2064 1179 2138 alias
1202 2074 1338 2160 terrea,
1367 2065 1413 2138 de

317 2167 450 2264 quibus
478 2167 753 2240 contendebant
770 2164 1017 2239 Theuthonici
1044 2189 1131 2238 cum
1150 2164 1278 2238 Danis.
1306 2165 1424 2238 ‘Dani
1503 2167 1504 2170 ’

316 2292 406 2341 vero
426 2292 501 2339 non
528 2268 709 2342 audentes
729 2274 860 2340 contra
879 2265 1074 2339 stimulum
1093 2267 1301 2364 calcitrare,
1328 2291 1415 2364 pro·

317 2368 502 2442 miserunt
529 2393 570 2442 se
598 2368 699 2442 curie
726 2368 896 2442 Romane
921 2366 1083 2442 fideliter
1109 2367 1273 2464 obedire,
1301 2379 1338 2440 et
1357 2392 1414 2440 re·
1495 2389 1499 2399 ·

316 2467 562 2568 signaverunt
578 2469 615 2542 in
629 2493 764 2542 manus
779 2467 1003 2542 nunciorum
1017 2469 1144 2541 domni
1162 2469 1278 2567 legati
1291 2467 1415 2541 Wiro·
1503 2477 1504 2560 J

317 2571 432 2666 niam,
451 2571 636 2666 Gerwam,
656 2570 809 2643 Hariam
826 2580 937 2667 atque
951 2569 1192 2665 Maritimam,
1212 2579 1249 2642 et
1266 2568 1413 2644 litteras

317 2695 406 2744 suas
424 2671 609 2769 sigillatas
628 2671 665 2744 in
679 2670 812 2769 lligam
827 2670 1018 2744 mittentes
1032 2670 1274 2746 donationem
1287 2669 1413 2767 ipsam

318 2772 647 2846 confirmaverunt.
685 2771 768 2859 Quo
788 2772 888 2846 lacto
907 2772 1055 2868 legatus
1074 2771 1173 2845 idem
1187 2771 1287 2844 viros
1307 2793 1412 2868 suos,
1503 2821 1504 2824 ,

317 2873 539 2972 peregrinos
575 2884 613 2947 et
649 2874 885 2968 sacerdotes,
924 2871 1076 2946 mittens
1113 2871 1151 2944 in
1190 2871 1411 2970 wltoniam,

318 2974 597 3047 Theuthonicos
635 2985 674 3047 et
703 2973 831 3046 Danos
863 2983 1019 3046 cunctos
1050 2971 1228 3069 removit,
1266 2973 1411 3045 habens
1503 2971 1504 2998 ³

317 3079 439 3145 terras
458 3073 560 3172 ipsas
579 3075 617 3146 in
636 3097 705 3146 sua
722 3083 921 3173 potestate.
1503 3081 1504 3084 ’

259 3178 307 3261 (7.)
393 3174 483 3246 Post
500 3183 627 3247 autem
640 3174 780 3247 festum
798 3173 1011 3272 epiphanie,
1030 3199 1115 3248 curn
1135 3186 1290 3273 propter
1304 3173 1410 3248 nives

228 3258 357 3389 ¹}'²⁶·et
383 3273 471 3372 gelu
494 3274 555 3348 via
580 3274 628 3350 sit
652 3274 689 3347 in
707 3273 852 3372 frigidis
872 3273 982 3348 terris
1001 3275 1077 3348 illis
1096 3273 1231 3349 melior
1248 3276 1294 3347 ad
1322 3299 1412 3348 eun·

207 3353 233 3412 p.
254 3355 419 3472 imnum,
447 3374 537 3448 abiit
561 3376 721 3448 domnus
748 3376 897 3474 legatus
923 3400 1010 3449 cum
1037 3375 1184 3450 clericis
1212 3387 1251 3450 et
1276 3374 1410 3469 serviS,
1503 3389 1504 3394 ’

263 3557 271 3570 ,
318 3496 515 3550 assumens
533 3500 662 3550 secum
682 3475 975 3575 Semigallorum
996 3477 1216 3576 episcopum
1233 3476 1411 3549 Lamber-

316 3586 410 3674 tum,
437 3578 644 3651 Iohannem
661 3577 835 3676 lligensis
855 3577 1014 3650 ecclesie
1032 3577 1280 3677 prepositum,
1308 3576 1410 3650 cives

316 3703 466 3775 quoque
496 3679 679 3775 lligenses
713 3689 750 3751 et
779 3678 915 3752 fratres
946 3679 1129 3774 quosdam
1159 3677 1291 3751 militie
1324 3701 1409 3751 cnm
1503 3723 1504 3726 =

315 3778 485 3876 pluribus
517 3778 616 3875 aliis,
657 3787 694 3851 et
723 3777 978 3876 pertransiens
1008 3779 1214 3875 Lyvoniam
1242 3777 1347 3852 venit
1373 3777 1410 3849 in

315 3878 538 3952 Letthorum
556 3879 800 3978 provinciam,
828 3881 935 3953 etde
961 3878 1105 3954 Letthis
1129 3879 1167 3953 in
1194 3879 1410 3973 Sachalam,

315 3979 406 4052 licet
432 3979 470 4051 in
495 4004 632 4078 magna
658 3979 827 4079 corporis
854 3979 911 4054 sui
939 3980 1141 4055 debilitate.
1187 3981 1233 4052 Et
1264 3977 1410 4077 requie-

318 4103 427 4152 scens
444 4080 483 4153 in
496 4079 663 4154 Viliende
682 4080 827 4153 duobus
846 4080 988 4177 diebus,
1008 4093 1140 4180 postea
1158 4081 1249 4154 abiit
1267 4081 1304 4153 in
1319 4081 1410 4155 Ger·

316 4205 425 4277 wem,
445 4189 484 4254 et
501 4192 746 4256 occurrerunt
763 4179 797 4255 ei
816 4206 948 4255 omnes
966 4183 1239 4258 Gerwanenses
1258 4181 1294 4254 in
1320 4182 1409 4258 villa
