3084 5018
321 457 419 528 204ι
464 454 677 529 cerumar
705 453 982 528 chronicon
1008 404 1260 585 crvonrlu,

322 653 466 751 militie,
487 655 712 729 remiserunt
728 655 765 726 in
784 654 1012 753 Nogardiam
1031 666 1069 728 et
1084 655 1123 728 in
1142 655 1358 736 Suedaliam
1376 657 1415 728 in

322 779 418 850 equo
438 757 548 851 bono,
576 766 617 828 ut
633 757 801 851 verbum,
819 755 918 852 quod
937 755 1078 828 factum
1097 757 1232 851 fuerat,
1251 757 1415 828 dominis

323 853 401 926 suis
436 857 642 929 nunciaret.
701 855 910 930 Interfectis
945 866 1073 928 autem
1107 855 1195 929 viris
1228 857 1416 952 omnibus,

305 955 423 1026 'facta
441 965 499 1028 est
516 955 695 1030 exultatio
714 980 854 1053 magna
871 965 910 1028 et
931 955 1041 1027 ludus
1066 955 1359 1028 christianorum
1377 956 1416 1026 in

320 1055 510 1153 tympanis
529 1067 566 1130 et
582 1055 719 1128 fistulis
733 1065 771 1130 et
788 1055 1045 1128 instrumentis
1059 1055 1226 1152 musiciS,
1246 1080 1293 1128 eo
1314 1056 1411 1152 quod

321 1153 524 1230 vindictam
552 1156 830 1230 vindicaverant
852 1155 897 1229 de
923 1153 1244 1252 malefactoribus,
1271 1168 1311 1229 et
1337 1180 1415 1228 om-

323 1278 390 1329 ncs
414 1257 577 1352 perfidos
601 1257 647 1329 de
664 1255 828 1351 Lyvonia
846 1265 885 1328 et
901 1255 1056 1328 Estonia
1074 1255 1211 1329 ibidem
1230 1256 1414 1328 collectos

322 1355 597 1430 interfecerant.
632 1356 720 1428 Post
738 1356 810 1428 hoc
834 1355 1001 1428 tulerunt
1018 1380 1124 1429 arma
1141 1356 1415 1450 Ruthenorum,

323 1465 361 1527 et
377 1466 502 1530 vestes
530 1466 567 1529 et
593 1478 708 1552 equos
736 1465 773 1528 et
799 1455 921 1553 spolia
941 1465 1087 1552 cuncta,
1115 1480 1188 1552 que
1204 1456 1357 1534 fuerant
1374 1457 1414 1526 in
1528 1523 1530 1548 ε

323 1564 467 1651 castro,
503 1567 540 1629 et
565 1554 742 1628 mulieres
769 1556 891 1627 adhuc
905 1554 1127 1653 'superfluas
1163 1566 1200 1628 et
1223 1557 1415 1652 parvulos,

324 1663 372 1749 ct,
399 1655 552 1728 incenso
577 1664 713 1750 castro,
741 1655 868 1727 statim
892 1656 1063 1752 sequenti
1082 1655 1147 1776 ῥῶ
1166 1679 1253 1727 cum
1272 1655 1413 1752 gaudio

323 1779 462 1853 magno
482 1755 622 1829 reversi
639 1764 725 1825 sunt
742 1753 780 1826 in
798 1754 1016 1853 Lyvoniam,
1042 1779 1110 1853 pro
1129 1755 1285 1828 victoria
1303 1754 1373 1826 sibi
1393 1779 1417 1826 a
1528 1743 1530 1822 l

325 1854 403 1929 Deo
419 1855 555 1927 collata
568 1856 764 1928 laudantes
779 1879 865 1928 eum
878 1855 916 1926 in
931 1856 1065 1953 celum,
1085 1855 1265 1951 quoniam
1279 1857 1414 1950 bonuS,
1528 1855 1530 1906 ἑ

322 1958 501 2051 quoniam
531 1956 568 2027 in
599 1953 769 2030 seculum
800 1955 1055 2028 misericordia
1086 1954 1219 2028 eiusffl.
1271 1956 1416 2052 Nogar·

323 2057 459 2130 denses
486 2080 574 2130 vero
598 2065 779 2129 venerant
805 2079 891 2127 cum
917 2055 1083 2128 exercitu
1111 2079 1248 2152 magno
1273 2054 1311 2126 in
1335 2055 1416 2126 Ple·
1528 2073 1530 2102 ²

323 2156 505 2249 scehowe,
529 2156 699 2228 volentes
718 2165 884 2240 castrum
903 2156 949 2227 ab
974 2155 1168 2228 obsidione
1186 2155 1417 2228 Theuthoni·

324 2279 455 2328 corum
479 2255 651 2328 liberare.
699 2253 773 2326 Sed
799 2256 1007 2352 audientes,
1032 2255 1136 2330 idem
1156 2263 1320 2327 'castrum
1339 2254 1417 2326 iarn
1528 2265 1530 2340 g

323 2365 475 2453 captum
492 2355 668 2452 virosque
686 2377 775 2426 suos
794 2353 1024 2453 interfectos,
1049 2379 1135 2426 cum
1154 2355 1284 2428 dolore
1303 2355 1415 2428 vehc-
1528 2345 1530 2384 ²

322 2455 440 2530 menti
454 2468 491 2528 et
503 2455 760 2553 indignatione
773 2455 915 2528 reversi
927 2466 1016 2527 sunt
1033 2455 1070 2526 in
1089 2455 1279 2528 civitatem
1294 2478 1416 2526 suam.
1528 2475 1530 2508 ὲ

265 2577 316 2661 fr)
398 2554 554 2630 Osiliani
581 2579 730 2652 quoque
755 2554 1027 2629 Theodericum
1050 2557 1206 2628 fratrem
1234 2555 1417 2652 episcopi,

322 2655 522 2730 liberatum
554 2679 575 2727 a
605 2654 838 2753 captivitate,
872 2655 1098 2731 remiserunt
1127 2655 1165 2726 in
1186 2655 1415 2749 Lyvoniam.
1528 2655 1530 2736 l

322 2755 500 2830 Maritimi
516 2779 605 2830 vero
625 2757 759 2853 Rigam
777 2755 982 2852 venienteS,
1004 2758 1050 2829 ad
1069 2755 1318 2828 obedientiam
1339 2756 1419 2853 epi·
1528 2743 1530 2842 }

323 2856 428 2953 scopi
446 2858 647 2953 redierunt,
674 2865 712 2928 et
729 2861 884 2929 censum
903 2856 1102 2954 duplicem,
1130 2879 1242 2952 quem
1260 2867 1418 2953 propter
1529 2849 1530 2858 '

323 2954 451 3027 Danos
478 2959 622 3029 duobus
650 2955 756 3028 annis
783 2957 1040 3053 neglexerant,
1070 2955 1305 3053 integraliter
1332 2981 1417 3054 per·
1528 2969 1530 3040 ς

179 3061 196 3119 j
323 3055 526 3151 solverunt,
553 3067 589 3128 et
608 3055 828 3128 fidelitatem
846 3067 1069 3154 perpetuam
1087 3055 1246 3129 ecclesie
1260 3054 1417 3153 Rigensi
1528 3061 1530 3116 ἶ

321 3153 582 3249 promittentes
610 3155 655 3227 ad
674 3152 786 3228 fidem
806 3156 1046 3230 christianam
1065 3155 1266 3232 redierunt.
1304 3155 1416 3228 Simi-

308 3253 409 3326 ‘litcr
437 3254 702 3333 Warbolenses
731 3254 910 3328 tributum
941 3268 978 3330 et
1004 3281 1161 3330 munera
1188 3257 1416 3354 deferenteS,

282 3371 285 3376 ·
323 3379 391 3452 per
409 3355 542 3428 omnia
561 3379 602 3428 se
621 3355 844 3453 Rigensibus
867 3357 1099 3430 exhibebant.
1136 3355 1210 3428 Sed
1229 3354 1415 3452 Rigenses

323 3454 439 3526 nichil
457 3455 548 3529 certi
573 3458 618 3528 de
644 3457 698 3529 eis
722 3455 955 3554 definientes,
982 3469 1129 3556 septem
1155 3466 1302 3528 tantum
1330 3481 1417 3553 pro·

322 3554 464 3628 vincias
491 3555 528 3627 in
554 3555 753 3653 Maritima,
780 3581 872 3652 quas
896 3557 998 3629 omni
1017 3557 1098 3632 iure
1115 3581 1266 3654 semper
1285 3579 1416 3654 posse-
1529 3633 1530 3650 ξ

323 3656 473 3750 derant,
506 3655 757 3728 indubitanter
780 3656 1018 3754 recipiebant.
1072 3657 1171 3730 Nihil
1196 3655 1297 3730 enim
1323 3653 1416 3729 iuris
1478 3647 1481 3664 ’

279 3759 283 3767 ’
317 3754 546 3853 ¹Rigensibus
571 3756 608 3828 in
634 3755 831 3829 blaritimis
858 3782 1022 3854 unquam
1044 3759 1225 3850 defuerat,
1253 3781 1326 3852 que
1355 3773 1416 3830 ex-

322 3856 552 3953 pugnatione
589 3857 634 3928 ad
672 3855 786 3930 fidem
817 3857 1060 3931 christianam
1091 3868 1130 3930 et
1158 3856 1345 3955 baptismo
1378 3867 1417 3930 et

323 3979 439 4028 censu
454 3966 491 4031 et
505 3956 696 4052 obsidibus
711 3980 862 4055 semper
875 3959 1134 4056 possederant,
1153 3970 1191 4032 et
1203 3957 1284 4055 regi
1299 3958 1419 4038 Dacia

324 4153 369 4227 37)
390 4152 431 4210 Cf.
451 4153 549 4208 Psalm.
571 4154 631 4220 105,
653 4153 676 4208 1.
