3104 5012
259 448 473 522 HElNlllCl
500 446 778 522 CHRONICON
804 445 1055 520 LYVONIAE.
1133 451 1202 522 105

113 652 379 725 Ruthenorum.
409 648 580 745 Lyvones
595 673 683 723 vero
703 647 870 747 episcopi
886 673 931 722 ex
945 647 1202 723 misericordia

114 751 227 852 ipsius
248 761 284 826 et
302 775 441 850 magna
458 750 599 848 pietate
618 773 837 823 mensuram
855 750 1039 822 hactenus
1057 773 1123 847 pro
1143 748 1204 821 de-

111 852 207 926 cima
226 852 430 926 solverunt.
466 849 609 924 idumei
628 873 776 946 quoque
795 860 832 922 et
844 849 955 946 hetti,
982 848 1044 947 qui
1064 850 1109 920 ad
1128 849 1204 922 helss

29 1029 30 1036 χ
113 953 186 1026 lum
205 977 280 1025 non
298 960 493 1048 venerunt,
512 975 582 1025 nec
600 949 687 1024 fidei
706 960 943 1032 sacramenta
956 950 1203 1043 violaverunt,
1250 986 1254 995 ¹

113 1077 326 1127 mensuram
344 1052 507 1150 primam
526 1076 547 1125 a
567 1060 728 1148 quatuor
753 1048 941 1150 episcopis
960 1050 1204 1124 constitutam

29 1151 31 1196 ³
113 1165 177 1252 pro
203 1154 349 1228 decima
375 1153 594 1252 persolvunt
626 1151 820 1226 annuatim
848 1173 966 1248 usque
993 1149 1031 1223 in
1057 1150 1204 1224 hodier-

29 1259 30 1266 ’
112 1279 200 1326 num
217 1254 334 1348 diem3
361 1253 426 1327 sed
446 1252 508 1349 qui
528 1252 646 1326 exeis
666 1252 711 1324 ad
730 1251 829 1325 idem
848 1253 988 1326 bellum
1008 1264 1203 1349 venerunt⁷

29 1409 31 1414 ,
112 1355 169 1427 vel
194 1355 353 1427 nuncios
377 1353 573 1446 miserunt,
607 1353 668 1428 vel
694 1363 826 1427 euntes
853 1353 890 1425 in
917 1353 975 1426 via
1000 1352 1203 1449 redierunt,
1337 1441 1343 1446 ,

29 1501 31 1538 ;
113 1455 169 1528 vel
188 1456 322 1529 saltem
339 1477 455 1550 equos
475 1477 565 1527 suos
585 1454 629 1526 ad
650 1454 810 1527 eundem
830 1455 1071 1551 sedaverunt,
1091 1478 1203 1553 pecu·

28 1625 30 1650 ÷
113 1554 171 1628 nia
189 1556 276 1629 data
294 1554 373 1628 suis
392 1554 583 1628 advocatis
601 1553 875 1627 satisfecerunt.
1278 1631 1282 1640 ,

183 1658 375 1730 Venerunt
399 1654 520 1729 eciam
546 1654 644 1728 Letti
673 1655 718 1728 de
742 1655 878 1729 Autine
908 1655 1055 1756 Rigam‚
1091 1657 1263 1758 depo-(6.)

28 1809 30 1840 i
113 1765 240 1831 nentes
266 1755 542 1855 querimoniam
567 1757 665 1854 apud
692 1754 892 1855 episcopos
917 1768 1050 1832 contra
1067 1759 1203 1834 fratres

113 1855 246 1932 milicie
265 1858 311 1930 de
329 1856 498 1930 Wenden
517 1856 562 1929 de
580 1855 726 1930 lesione
746 1879 826 1954 sua,
854 1857 1008 1957 insuper
1033 1860 1078 1933 de
1097 1862 1203 1933 arbo·
1297 1942 1300 1961 ι
1391 1851 1398 1863 ’

28 1953 29 1966 ³
113 1955 210 2030 ribus
219 1955 249 2004 ⁵³
278 1957 357 2029 suis
377 1956 522 2029 ablatis.
572 1956 619 2028 Et
646 1957 1033 2058 elegeruntarbitros,
1061 1970 1099 2034 et
1118 1962 1203 2034 data

28 2067 29 2126 ἵ
112 2068 168 2130 est
185 2057 384 2155 sententia⁷
405 2067 445 2129 ut
458 2055 555 2130 Letti
574 2080 664 2130 suas
679 2059 833 2130 arbores
848 2083 974 2155 apum,
992 2060 1202 2135 iuramento

28 2187 29 2192 ¹
114 2157 208 2255 dato,
225 2159 442 2257 reciperent
459 2156 496 2229 in
515 2181 624 2230 snam
642 2159 937 2257 possessionem,
958 2161 1095 2235 fratres
1114 2186 1201 2237 vero

28 2267 30 2278 ”
113 2258 247 2334 milicie
268 2282 382 2357 agros
399 2257 612 2331 iuramento
640 2258 863 2356 obtinerent,
890 2271 928 2334 et
951 2286 1020 2359 pro
1046 2262 1204 2360 lesione,

113 2359 195 2432 data
223 2358 387 2459 pecunia
420 2357 643 2455 sufficienti‚
667 2359 793 2431 -Lettis
825 2360 1098 2437 satisfacerent.
1157 2365 1265 2454 utu.)

27 2521 28 2526 ,
113 2457 1206 2561 transivitrcxWoldemarnscumeisdemLettisinAutine‚

28 2587 29 2590 ¹
115 2570 150 2632 et
166 2561 235 2634 fuit
253 2585 342 2634 cum
360 2559 416 2633 eis
435 2583 643 2658 procurans
662 2559 897 2634 advocatiam
917 2586 1061 2662 eorum,
1088 2568 1206 2641 donec

27 2711 29 2750 p
115 2660 407 2734 commutatione
434 2661 535 2732 facta
560 2660 697 2732 fratres
725 2659 865 2734 milicie
892 2674 1058 2738 castrum
1084 2665 1207 2740 Kuke·

27 2773 29 2812 ῑ
115 2761 213 2834 noiss
231 2761 489 2859 relinquerent
506 2760 741 2858 integraliter
760 2761 950 2862 episcopo,
977 2775 1014 2838 et
1039 2767 1110 2864 ipsi
1128 2792 1208 2840 rur-

115 2883 176 2934 sus
196 2861 335 2936 Autine
352 2885 421 2961 pro
441 2862 683 2959 terciaparte
695 2861 915 2936 Kukenoiss
935 2865 1146 2964 reciperent
1168 2867 1205 2940 in

27 3013 28 3016 ,
115 2983 219 3036 suam
245 2961 541 3063 possessionem.
590 2962 638 3033 Et
660 2962 855 3061 designata
881 2976 939 3039 est
962 2967 1044 3065 regi
1060 2969 1211 3042 Wolde·

116 3087 216 3136 maro
249 3063 449 3138 advocatia
478 3061 701 3135 Theudorici
732 3064 863 3161 generi
890 3066 947 3138 sui
978 3067 1016 3139 in
1040 3067 1206 3166 idumea,

114 3161 345 3238 Theoderico
366 3173 478 3238 eunte
496 3161 534 3235 in
552 3163 839 3237 Theuthoniam.
1108 3173 1110 3178 ’

186 3263 269 3338 Hoc
294 3274 466 3362 tempore
489 3274 673 3336 venerunt
696 3264 900 3339 Letthones
919 3266 956 3338 in
981 3268 1265 3369 Kukenoissua.)

115 3374 284 3460 petentes
302 3389 436 3463 pacem
455 3374 493 3437 ct
505 3363 606 3454 viam
626 3363 671 3436 ad
686 3364 858 3438 Estones.
896 3365 942 3438 Et
957 3369 1042 3441 data
1057 3380 1115 3442 est
1132 3397 1206 3468 pax

115 3473 151 3536 et
166 3465 228 3538 via
247 3488 430 3539 concessa
457 3464 504 3536 ad
524 3463 685 3537 Estones
704 3465 869 3538 nondum
896 3491 1110 3542 conversos.
1160 3471 1207 3543 Et

115 3565 238 3638 statim
249 3565 443 3639 venientes
458 3589 545 3637 cum
560 3564 725 3638 exercitu
740 3565 969 3641 transierunt
982 3594 1051 3666 per
1063 3578 1205 3650 terram

27 3731 28 3736 ,
115 3662 334 3740 Letthorum
352 3664 522 3763 pacifice⁷
549 3674 588 3739 et
604 3665 787 3738 intrantes
813 3666 1012 3741 Saccalam
1037 3694 1207 3769 compre·

115 3763 324 3840 henderunt
339 3766 441 3840 viros
467 3765 619 3861 multoS,
647 3777 685 3840 et
708 3765 922 3842 occidentes
947 3791 1013 3842 eos
1039 3771 1207 3845 tulerunt

115 3886 265 3940 omnem
283 3867 533 3941 substantiam
552 3890 696 3963 eorum7
719 3876 757 3940 et
774 3867 952 3942 mulieres
972 3879 1010 3943 et
1027 3874 1204 3969 parvulos

116 3975 151 4038 et
175 3991 315 4064 pecora
338 3991 471 4043 eorum
495 3966 685 4064 rapientes
712 3991 840 4041 secum
864 3970 1104 4045 abduxerunt.
1159 3973 1205 4046 Et
1308 4031 1313 4038 .

115 4162 158 4235 53)
177 4183 215 4222 sc.
234 4185 325 4240 apum.
