3104 5012
321 457 392 530 142
466 452 679 526 nurnnrcl
706 451 984 526 CHRONICON
1010 409 1262 526 urvounu.

319 655 503 754 Rigenses
522 677 610 728 cum
626 653 838 748 Lyvomlrus
863 663 901 726 et
922 650 1054 749 Lenis,
1082 662 1127 726 et
1144 651 1223 724 ibat
1245 677 1333 726 cum
1356 653 1419 728 eis

321 756 519 830 Heinricus
556 753 773 826 Borewinus
810 764 848 826 et
878 752 1060 852 magister
1091 752 1295 851 Volquinus
1328 778 1414 826 cum

319 856 497 929 fratribus
531 853 628 948 suis
663 864 700 927 et
733 864 917 927 venerunt
950 877 1067 951 prope
1098 852 1319 948 Sackalam,
1353 853 1418 926 ubi

321 958 428 1030 locus
447 954 627 1028 orationis
647 963 684 1026 et
702 953 977 1050 colloquiorum
992 953 1180 1027 exercitus
1200 977 1285 1027 esse
1304 955 1419 1050 solet,

321 1057 382 1131 ubi
409 1056 529 1130 eciam
556 1077 685 1127 comes
711 1054 887 1128 Albertus
914 1063 1070 1150 pontem
1100 1053 1182 1127 fieri
1212 1054 1344 1150 iussit,
1379 1065 1421 1129 et

320 1157 567 1232 Revelensem
585 1153 818 1252 provinciam
843 1177 884 1227 se
903 1154 1179 1253 despoliaturos
1198 1153 1337 1228 ibidem
1355 1156 1417 1228 de

322 1266 530 1331 creverunt.
583 1255 630 1326 Et
656 1253 828 1350 sequenti
855 1254 915 1328 die
941 1264 1249 1352 pertranseuntes
1277 1253 1420 1328 Sacka·

322 1359 412 1453 lam,
437 1365 621 1430 venerunt
640 1378 756 1453 propo
775 1364 942 1426 castrum
965 1355 1145 1452 Viliende,
1166 1365 1203 1428 et
1223 1355 1421 1429 redierunt

323 1459 369 1530 ad
397 1481 460 1530 eos
487 1455 624 1529 ibidem
651 1455 909 1552 exploratores
933 1453 1004 1549 sui,
1032 1479 1126 1552 quos
1145 1457 1417 1528 adconvocan-

324 1560 411 1629 dum
431 1555 599 1629 seniores
618 1556 787 1628 eiusdem
804 1555 996 1653 provincie
1015 1557 1209 1654 miserant,
1229 1567 1270 1629 ut
1288 1565 1419 1631 essent

324 1658 378 1731 eis
410 1681 516 1729 more
547 1654 659 1728 solito
686 1654 746 1728 vie
778 1658 903 1729 duces.
958 1655 1003 1726 Et
1030 1657 1258 1730 reduxerunt
1285 1680 1415 1731 secum

322 1758 583 1832 Ruthenorum
609 1756 766 1834 nuncios
794 1767 833 1828 et
856 1755 1111 1870 Osiliensium,
1139 1780 1234 1855 quos
1259 1757 1298 1829 in
1316 1757 1420 1842 villis

324 1857 701 1969 comprehenderant,
718 1857 780 1953 qui
798 1867 980 1930 venerant
997 1857 1103 1929 missi
1122 1883 1154 1930 a
1162 1856 1357 1953 Ruthenis,
1376 1867 1418 1930 ut
1453 1941 1461 1950 ἱ

325 1959 547 2057 colligerent
580 1956 785 2030 exercitum
818 1981 886 2055 per
911 1957 1127 2030 universam
1156 1957 1351 2030 Estoniam
1379 1968 1421 2032 et

325 2060 525 2142 collectum
544 2081 630 2130 eum
650 2058 829 2129 ducerent
852 2058 899 2129 ad
919 2057 1126 2131 exercitum
1143 2057 1418 2154 Ruthenorum,

326 2169 368 2232 ut
392 2157 504 2230 simul
527 2156 698 2230 venirent
723 2156 761 2229 in
787 2157 1003 2252 Lyvoniam.
1049 2156 1096 2228 Et
1119 2167 1332 2231 statuerunt
1350 2181 1418 2233 eos

325 2261 363 2331 in
382 2258 506 2332 medio
521 2258 663 2355 populi,
681 2256 940 2355 perquirentes
956 2260 1000 2329 ab
1020 2258 1074 2331 eis
1088 2261 1200 2331 verba
1215 2257 1419 2355 legationis

319 2383 404 2434 sue.
441 2361 488 2432 At
506 2357 559 2428 illi
583 2357 787 2431 exercitum
806 2382 986 2454 magnum
1004 2383 1139 2456 regum
1155 2359 1417 2432 Ruthenorum

324 2460 363 2532 in
390 2459 552 2532 crastino
580 2461 625 2533 de
651 2457 824 2556 Ugaunia
845 2458 1057 2531 venientem
1084 2469 1122 2531 et
1149 2457 1186 2530 in
1209 2458 1420 2554 Lyvoniam

325 2570 476 2635 euntem
502 2560 724 2654 retulerunt,
752 2568 790 2632 et
812 2581 854 2630 se
881 2559 927 2630 ad
952 2557 1193 2654 hocmissos,
1219 2569 1260 2630 ut
1278 2559 1419 2632 exerci-

320 2671 405 2733 tum
423 2660 607 2733 Estonum
629 2658 741 2730 simul
768 2659 814 2730 ad
833 2658 1028 2732 Ruthenos
1045 2660 1282 2732 adducerent.
1332 2659 1420 2746 Quo

325 2761 450 2834 audito
487 2761 614 2833 statim
658 2783 831 2832 reversus
873 2768 931 2832 est
965 2759 1149 2833 exercitus
1183 2759 1421 2855 Lyvonensis

319 2862 458 2934 eadem
481 2861 541 2932 via
569 2885 643 2956 qua
666 2869 832 2954 venerat,
861 2869 898 2932 et
923 2861 1096 2957 sequenti
1121 2859 1180 2932 die
1197 2859 1259 2933 via
1276 2859 1420 2933 inPui-

323 2961 403 3034 dise
426 2983 559 3032 versus
585 2959 798 3056 Ugauniam
821 2958 862 3030 in
889 2983 1089 3052 occursum
1106 2960 1288 3033 Ruthenis
1316 2960 1417 3034 abie-

323 3070 421 3133 runt.
466 3060 514 3130 Et
533 3069 774 3132 transeuntes
801 3059 962 3133 Rutheni
986 3085 1054 3158 per
1078 3071 1198 3132 totum
1226 3060 1327 3134 diem
1346 3059 1416 3133 llu-

318 3185 422 3254 men7
450 3161 548 3256 quod
568 3158 703 3232 dicitur
718 3160 838 3232 Mater
864 3184 1059 3258 aquarum‚
1085 3173 1269 3234 venerunt
1286 3171 1325 3234 et
1342 3161 1418 3258 ipsi

316 3275 358 3332 tn
317 3260 526 3333 inobviam
543 3260 838 3374 LyvonensibuS,
866 3270 903 3334 et
921 3261 1043 3332 subito
1062 3261 1253 3334 redierunt
1278 3262 1324 3333 ad
1343 3285 1419 3334 nos

317 3361 581 3476 exploratores
598 3362 716 3434 nostri
735 3361 928 3457 di‘centeS,
933 3360 1139 3435 exercitum
1152 3362 1417 3435 Ruthenorum

319 3461 395 3534 iam
425 3461 737 3575 appropinquare
785 3461 833 3533 Et
862 3463 1093 3534 surreximus
1119 3462 1343 3536 festinanter
1375 3472 1414 3534 et

319 3561 574 3636 ordinavimus
601 3561 807 3636 exercitum
830 3572 1014 3676 nostrum,
1040 3562 1092 3634 ita
1119 3573 1160 3635 ut
1177 3563 1348 3658 Lyvones
1374 3573 1414 3635 et

317 3663 417 3736 Letti
435 3664 563 3762 pedes‚
590 3661 838 3736 Theuthonici
855 3685 944 3736 vero
971 3662 1007 3734 in
1033 3662 1138 3776 equis
1163 3663 1241 3735 suis
1267 3687 1417 3761 pugna·

318 3775 412 3838 rent.
449 3764 495 3836 Et
521 3763 690 3836 ordinato
716 3763 893 3859 exercitu,
920 3764 1156 3860 perreximus
1175 3764 1220 3836 ad
1249 3787 1326 3836 eos.
1364 3763 1414 3834 Et

275 3904 279 3912 ¹
319 3888 404 3937 cum
436 3863 741 3961 pervenissemus
774 3863 818 3936 ad
855 3887 939 3960 eos⁷
974 3863 1174 3937 confestim
1204 3863 1267 3960 qui
1297 3862 1414 3960 primi

318 3973 426 4038 erant
443 3989 488 4037 ex
507 3964 645 4036 nostris
673 3965 979 4047 acceleraverunt
991 3965 1043 4036 ad
1068 3988 1149 4061 eos7
1178 3975 1215 4037 et
1240 3989 1413 4061 pugnari,

317 4075 375 4137 tes
394 4089 479 4137 cum
507 4065 574 4160 eis,
601 4075 792 4138 verterunt
815 4088 881 4138 eos
897 4064 935 4136 in
953 4065 1096 4162 fugam⁷
1125 4076 1163 4138 et
1178 4087 1414 4162 persequen-

314 4175 373 4238 tes
401 4187 466 4238 eos
493 4163 699 4238 fortissime
725 4177 906 4263 ceperunt
934 4166 1114 4240 vexillum
1144 4165 1246 4263 regis
1278 4163 1411 4262 magni
