3016 5016
321 385 345 514 o
485 439 691 516 nuruum
717 439 990 563 cunomoon
1015 425 1263 517 Lrvouun.

646 759 791 833 LIBER
817 759 1088 836 SECUNDUS.

255 923 310 1009 (ll.)
396 913 603 988 Celebratis
617 916 824 990 secundum
839 941 985 991 morem
1001 914 1167 1013 exequiis
1183 923 1220 988 et
1238 913 1425 1012 episcopo
1454 987 1458 994 ,

321 1015 586 1113 qualicumque
611 1015 807 1112 Lyvonum
831 1019 984 1115 planctu
1013 1026 1051 1091 et
1068 1014 1234 1089 lacrimis
1253 1015 1422 1112 sepulto,

321 1117 367 1190 de
394 1139 615 1191 successore
634 1126 817 1190 tractatur
835 1128 872 1192 et
891 1119 935 1190 ad
963 1117 1208 1192 Bremensem
1227 1127 1422 1214 metropo-

319 1216 387 1288 lim
405 1241 472 1315 pro
500 1240 663 1316 persona
681 1218 827 1313 ydonea
846 1217 1017 1292 mittitur.
1061 1217 1352 1290 Demonstratur
1372 1217 1420 1288 de

321 1316 572 1413 Cysterciensi
592 1317 722 1391 ordine
735 1317 953 1392 Lucensis⁶1
973 1317 1116 1390 abbatis
1130 1316 1298 1390 bertoldi
1312 1341 1420 1390 reve·

320 1418 435 1491 reuda
461 1441 634 1516 persona.
682 1418 855 1492 Difficilis
883 1419 1035 1517 quidem
1053 1417 1227 1516 primitus
1252 1418 1298 1491 ad
1327 1441 1420 1490 eun·

319 1517 409 1590 dum
437 1519 652 1615 exhibetur,
679 1520 743 1592 sed
773 1519 1053 1619 metropolitani
1079 1518 1199 1592 victus
1226 1517 1417 1617 precibuS‚

164 1707 165 1712 Ἰ
260 1617 586 1732 (tlpredicationis
619 1573 713 1691 obus
745 1620 975 1718 aggreditur.
1033 1619 1170 1692 l'actus
1200 1619 1417 1717 episcopus

321 1718 443 1817 primo
468 1719 549 1792 sine
574 1719 741 1794 exercitu
768 1719 929 1792 Domino
954 1744 996 1793 se
1015 1720 1188 1793 committ
1190 1743 1268 1816 ens,
1300 1719 1417 1792 fortu-

321 1843 409 1892 nam
424 1820 685 1933 exploraturus
699 1819 906 1916 Lyvuniam
919 1821 1055 1919 pergit
1073 1805 1300 1894 Ykescolam
1315 1818 1418 1893 venit

320 1931 358 1996 et
376 1919 536 1995 ecclesie
555 1921 681 1994 dotem
701 1920 927 2019 ingrediens,
951 1945 1121 2019 quosque
1140 1919 1319 1995 meliores
1337 1930 1415 1992 tam

320 2044 491 2121 paganus
510 2043 626 2134 quam·
642 2020 866 2094 christianos
886 2046 1015 2095 coram
1041 2045 1082 2095 se
1103 2020 1257 2120 colligit.
1312 2020 1414 2110 Quos

319 2122 470 2221 potibus
489 2131 527 2196 et
551 2120 648 2196 escis
668 2131 705 2195 et
723 2122 940 2196 muneribus
960 2121 1055 2194 datis
1079 2122 1231 2219 placare
1256 2122 1414 2216 laborat

321 2222 448 2296 dicens
475 2245 517 2296 se
544 2246 677 2295 eorum
703 2222 898 2296 vocatione
916 2221 1065 2296 venisse
1092 2233 1129 2296 et
1155 2177 1414 2336 predecessori

321 2347 389 2396 suo
417 2323 456 2396 in
485 2322 646 2395 solidum
676 2322 917 2397 successisse.
971 2321 1092 2410 Quem
1115 2323 1265 2419 quidem
1291 2321 1411 2422 primo

319 2424 453 2498 blande
472 2422 692 2521 suscipiunt.
717 2424 782 2497 sed
802 2423 926 2522 ipsum
945 2423 982 2495 in
997 2423 1212 2497 Holmensis
1231 2423 1416 2519 cymiterii

322 2523 605 2598 consecratione
631 2523 693 2596 alii
712 2522 749 2595 in
769 2524 929 2598 ecclesia
949 2549 1203 2620 concremare,
1230 2523 1292 2596 alii
1318 2526 1414 2598 occi·

320 2626 421 2722 dere,
449 2624 510 2697 alii
538 2626 783 2722 submergere
811 2628 1089 2721 concertabant,
1117 2635 1326 2723 egestatem
1352 2628 1413 2699 ad·

261 2730 454 2839 (3lventus
487 2725 544 2797 sui
577 2747 731 2797 causam
764 2748 849 2799 esse
885 2725 1203 2839 improperabant.
1261 2725 1411 2800 Talibus

318 2825 439 2898 iniciis
458 2823 682 2898 considerat
656 2835 716 2919 tm,
736 2825 833 2898 clam
854 2849 968 2899 naves
988 2824 1078 2898 adiit
1096 2837 1133 2898 et
1147 2825 1412 2901 Gothlandiam

319 2924 472 2999 rievertt
445 2950 517 2997 rur
542 2935 579 2998 et
609 2925 645 2997 in
674 2923 879 2998 Saxoniam
909 2925 1136 3024 procedens.
1166 2925 1412 3022 Lyvoniensis

320 3025 481 3100 ecclesie
507 3024 654 3098 ruinam
673 3035 750 3097 tam
779 3026 916 3098 domno
936 3051 1034 3139 pape
1059 3051 1169 3123 quam
1198 3029 1413 3139 metropoli·
1467 3030 1472 3044 ‘

318 3137 407 3198 tano
423 3135 462 3200 et
475 3124 612 3198 Christi
626 3125 799 3198 fidelibus
816 3126 1054 3223 conqueritur
1068 3127 1263 3200 universis.
1294 3128 1413 3228 Igitur

321 3227 480 3300 domnus
498 3250 596 3398 papa
619 3225 762 3299 cunctis
782 3226 932 3325 signum
952 3227 1072 3326 crucis
1091 3226 1357 3342 accipientibus
1375 3241 1414 3304 et

322 3337 450 3400 contra
469 3351 537 3424 per
566 3329 633 3399 dos
651 3326 824 3422 Lyvones
843 3351 885 3400 se
904 3315 1135 3402 armantibus
1149 3327 1410 3404 remissionem

319 3426 489 3525 indulget
516 3437 770 3525 peccatorum,
798 3428 841 3499 lit
826 3436 944 3502 tteras
969 3453 1082 3526 super
1099 3428 1172 3501 hiis
1192 3427 1312 3504 eidem
1337 3430 1411 3529 epi-

321 3551 436 3627 scopo
455 3527 632 3602 Bertoldu
652 3527 750 3601 sicut
769 3538 806 3602 et
824 3552 893 3603 suo
912 3528 1077 3628 dirigens
1095 3530 1365 3626 predecessori.

320 3707 963 3926 esttiptpb.12.-NecrologiumLuueburg
984 3750 1055 3819 apud
1071 3745 1234 3813 Wedelrind,
1253 3747 1341 3804 Noten
1361 3757 1409 3804 etc.

320 3819 407 3874 1117
483 3820 510 3874 Υ.
527 3819 591 3873 Idus
611 3815 715 3874 Octobr.
737 3821 807 3876 Obiit
824 3822 962 3877 Metnwcrt
980 3825 1125 3891 episcopus,
1152 3823 1169 3875 i.
1190 3839 1214 3876 e.
1233 3819 1293 3877 Oct
1317 3821 1356 3876 11.
1377 3851 1408 3862 -

319 3862 439 3948 Eobntra
459 3890 617 3947 Gelenius
608 3911 636 3945 m
652 3890 741 3946 Sacris
761 3903 788 3948 et
806 3894 858 3964 piis
878 3894 952 3948 lastis
970 3891 1083 3966 Agripp.
1103 3911 1172 3966 quos
1200 3896 1259 3967 ipse
1278 3896 1412 3966 congessit

320 3968 349 4021 in
374 3966 457 4020 libro
468 3964 511 4019 lle
535 3965 690 4018 admiranda
714 3983 789 4020 sacra
817 3977 844 4021 et
870 3967 940 4021 civili
966 3968 1151 4053 magnitudine
1177 3966 1314 4024 Coloniae.
1352 3965 1409 4022 Col.

320 4037 433 4110 Agripp.
455 4034 534 4103 1615,
552 4038 659 4109 ptris
684 4036 755 4109 Aug.
771 4039 813 4090 14.
888 4039 934 4108 bl)
952 4039 1098 4094 Loccum
1090 4058 1118 4093 m
1137 4043 1274 4112 provincia
1293 4039 1409 4094 Hanno·
1445 4099 1449 4106 ,

321 4130 377 4166 ven
421 4110 465 4169 Du
489 4121 626 4183 tempore,
652 4131 706 4184 quo
732 4113 813 4165 abbas
839 4113 877 4166 ibi
902 4112 984 4166 luerit
1007 4110 1180 4178 Bertboldus,
1207 4115 1242 4168 cl
1262 4112 1407 4184 Scriptores
1438 4143 1439 4156 ι

319 4201 410 4239 rerum
430 4185 615 4239 Prussicarum
635 4183 670 4248 ll,
689 4185 734 4248 23,
755 4203 782 4238 n.
799 4184 822 4237 1.
894 4247 896 4252 Ι
1449 4205 1450 4212 .
