<?xml version="1.0" encoding="UTF-8"?>
<!DOCTYPE html PUBLIC "-//W3C//DTD XHTML 1.0 Transitional//EN"
    "http://www.w3.org/TR/xhtml1/DTD/xhtml1-transitional.dtd">
<html xmlns="http://www.w3.org/1999/xhtml" xml:lang="en" lang="en">
 <head>
  <title>
</title>
<meta http-equiv="Content-Type" content="text/html;charset=utf-8" />
  <meta name='ocr-system' content='tesseract 3.04.00' />
  <meta name='ocr-capabilities' content='ocr_page ocr_carea ocr_par ocr_line ocrx_word'/>
</head>
<body>
  <div class='ocr_page' id='page_1' title='image "./heinricichronic00arndgoog_0132.png"; bbox 0 0 3104 5012; ppageno 0'>
   <div class='ocr_carea' id='block_1_1' title="bbox 351 443 1285 562">
    <p class='ocr_par' dir='ltr' id='par_1_1' title="bbox 351 443 1285 562">
     <span class='ocr_line' id='line_1_1' title="bbox 351 443 1285 562; baseline -0.005 -3"><span class='ocrx_word' id='word_1_1' title='bbox 351 489 420 562; x_wconf 81' lang='lat'><strong><em>104</em></strong></span> <span class='ocrx_word' id='word_1_2' title='bbox 490 484 703 559; x_wconf 81' lang='lat' dir='ltr'><strong><em>uuiumcr</em></strong></span> <span class='ocrx_word' id='word_1_3' title='bbox 731 482 1008 558; x_wconf 81' lang='lat' dir='ltr'><strong><em>cuuomcou</em></strong></span> <span class='ocrx_word' id='word_1_4' title='bbox 1033 443 1285 556; x_wconf 76' lang='lat' dir='ltr'><strong><em>nuvonmu.</em></strong></span> 
     </span>
    </p>
   </div>
   <div class='ocr_carea' id='block_1_2' title="bbox 287 681 1535 4300">
    <p class='ocr_par' dir='ltr' id='par_1_2' title="bbox 342 681 1535 3975">
     <span class='ocr_line' id='line_1_2' title="bbox 346 681 1446 780; baseline -0.005 -21"><span class='ocrx_word' id='word_1_5' title='bbox 346 685 523 760; x_wconf 87' lang='lat' dir='ltr'><strong><em>coluistis.</em></strong></span> <span class='ocrx_word' id='word_1_6' title='bbox 567 685 673 759; x_wconf 88' lang='lat' dir='ltr'><strong><em>Nunc</em></strong></span> <span class='ocrx_word' id='word_1_7' title='bbox 697 709 787 760; x_wconf 88' lang='lat' dir='ltr'><strong><em>uero</em></strong></span> <span class='ocrx_word' id='word_1_8' title='bbox 806 684 1008 780; x_wconf 82' lang='lat' dir='ltr'><strong><em>supplicate</em></strong></span> <span class='ocrx_word' id='word_1_9' title='bbox 1034 681 1169 758; x_wconf 91' lang='lat' dir='ltr'><strong><em>domno</em></strong></span> <span class='ocrx_word' id='word_1_10' title='bbox 1193 683 1375 778; x_wconf 85' lang='lat' dir='ltr'><strong><em>episcopo,</em></strong></span> <span class='ocrx_word' id='word_1_11' title='bbox 1402 691 1446 754; x_wconf 79' lang='lat' dir='ltr'><strong><em>ut</em></strong></span> 
     </span>
     <span class='ocr_line' id='line_1_3' title="bbox 348 783 1440 879; baseline -0.002 -21"><span class='ocrx_word' id='word_1_12' title='bbox 348 789 508 859; x_wconf 87' lang='lat' dir='ltr'><strong><em>omnium</em></strong></span> <span class='ocrx_word' id='word_1_13' title='bbox 530 793 735 860; x_wconf 86' lang='lat' dir='ltr'><strong><em>vestrorum</em></strong></span> <span class='ocrx_word' id='word_1_14' title='bbox 753 807 963 859; x_wconf 71' lang='lat' dir='ltr'><strong><em>excessuum</em></strong></span> <span class='ocrx_word' id='word_1_15' title='bbox 980 783 1226 879; x_wconf 76' lang='lat' dir='ltr'><strong><em>obliviscatur,</em></strong></span> <span class='ocrx_word' id='word_1_16' title='bbox 1252 791 1287 856; x_wconf 96' lang='lat' dir='ltr'><strong><em>et</em></strong></span> <span class='ocrx_word' id='word_1_17' title='bbox 1307 789 1345 858; x_wconf 92' lang='lat' dir='ltr'><strong><em>in</em></strong></span> <span class='ocrx_word' id='word_1_18' title='bbox 1363 785 1440 878; x_wconf 84' lang='lat' dir='ltr'><strong><em>pte·</em></strong></span> 
     </span>
     <span class='ocr_line' id='line_1_4' title="bbox 347 885 1527 982; baseline -0.002 -24"><span class='ocrx_word' id='word_1_19' title='bbox 347 889 494 959; x_wconf 88' lang='lat' dir='ltr'><strong><em>nariam</em></strong></span> <span class='ocrx_word' id='word_1_20' title='bbox 511 885 613 960; x_wconf 87' lang='lat' dir='ltr'><strong><em>uobis</em></strong></span> <span class='ocrx_word' id='word_1_21' title='bbox 630 889 875 960; x_wconf 78' lang='lat' dir='ltr'><strong><em>remissionem</em></strong></span> <span class='ocrx_word' id='word_1_22' title='bbox 892 891 1123 979; x_wconf 84' lang='lat' dir='ltr'><strong><em>peccatorum</em></strong></span> <span class='ocrx_word' id='word_1_23' title='bbox 1142 887 1322 979; x_wconf 72' lang='lat' dir='ltr'><strong><em>ininnaat,</em></strong></span> <span class='ocrx_word' id='word_1_24' title='bbox 1350 907 1440 982; x_wconf 87' lang='lat' dir='ltr'><strong><em>qna·</em></strong></span> <span class='ocrx_word' id='word_1_25' title='bbox 1523 975 1527 982; x_wconf 19' lang='lat'>⁵</span> 
     </span>
     <span class='ocr_line' id='line_1_5' title="bbox 349 984 1442 1081; baseline -0.001 -21"><span class='ocrx_word' id='word_1_26' title='bbox 349 991 446 1061; x_wconf 88' lang='lat' dir='ltr'><strong><em>tinas</em></strong></span> <span class='ocrx_word' id='word_1_27' title='bbox 463 989 599 1060; x_wconf 87' lang='lat' dir='ltr'><strong><em>sincere</em></strong></span> <span class='ocrx_word' id='word_1_28' title='bbox 617 985 800 1060; x_wconf 87' lang='lat' dir='ltr'><strong><em>credentes</em></strong></span> <span class='ocrx_word' id='word_1_29' title='bbox 816 989 854 1060; x_wconf 93' lang='lat' dir='ltr'><strong><em>in</em></strong></span> <span class='ocrx_word' id='word_1_30' title='bbox 871 985 998 1081; x_wconf 89' lang='lat' dir='ltr'><strong><em>Deum,</em></strong></span> <span class='ocrx_word' id='word_1_31' title='bbox 1017 988 1142 1059; x_wconf 88' lang='lat' dir='ltr'><strong><em>omnia</em></strong></span> <span class='ocrx_word' id='word_1_32' title='bbox 1160 984 1442 1059; x_wconf 69' lang='lat' dir='ltr'><strong><em>christianitatis</em></strong></span> 
     </span>
     <span class='ocr_line' id='line_1_6' title="bbox 347 1085 1535 1183; baseline -0.001 -24"><span class='ocrx_word' id='word_1_33' title='bbox 347 1092 431 1160; x_wconf 89' lang='lat' dir='ltr'><strong><em>iura</em></strong></span> <span class='ocrx_word' id='word_1_34' title='bbox 448 1089 633 1182; x_wconf 88' lang='lat' dir='ltr'><strong><em>recipiatis</em></strong></span> <span class='ocrx_word' id='word_1_35' title='bbox 650 1087 885 1183; x_wconf 77' lang='lat' dir='ltr'><strong><em>inteyroliter,</em></strong></span> <span class='ocrx_word' id='word_1_36' title='bbox 904 1091 944 1158; x_wconf 90' lang='lat' dir='ltr'><strong><em>et</em></strong></span> <span class='ocrx_word' id='word_1_37' title='bbox 955 1085 1116 1160; x_wconf 88' lang='lat' dir='ltr'><strong><em>decimus</em></strong></span> <span class='ocrx_word' id='word_1_38' title='bbox 1133 1088 1284 1180; x_wconf 69' lang='lat' dir='ltr'><strong><em>trucum</em></strong></span> <span class='ocrx_word' id='word_1_39' title='bbox 1301 1093 1439 1159; x_wconf 88' lang='lat' dir='ltr'><strong><em>vestra-</em></strong></span> <span class='ocrx_word' id='word_1_40' title='bbox 1533 1145 1535 1172; x_wconf 65' lang='lat'><strong><em>,</em></strong></span> 
     </span>
     <span class='ocr_line' id='line_1_7' title="bbox 346 1185 1442 1281; baseline -0.002 -21"><span class='ocrx_word' id='word_1_41' title='bbox 346 1212 429 1261; x_wconf 88' lang='lat' dir='ltr'><strong><em>rum</em></strong></span> <span class='ocrx_word' id='word_1_42' title='bbox 452 1187 529 1260; x_wconf 90' lang='lat' dir='ltr'><strong><em>Deo</em></strong></span> <span class='ocrx_word' id='word_1_43' title='bbox 556 1196 593 1261; x_wconf 93' lang='lat' dir='ltr'><strong><em>et</em></strong></span> <span class='ocrx_word' id='word_1_44' title='bbox 614 1187 681 1260; x_wconf 89' lang='lat' dir='ltr'><strong><em>Dei</em></strong></span> <span class='ocrx_word' id='word_1_45' title='bbox 710 1187 944 1262; x_wconf 83' lang='lat' dir='ltr'><strong><em>servitoribus</em></strong></span> <span class='ocrx_word' id='word_1_46' title='bbox 972 1187 1158 1281; x_wconf 89' lang='lat' dir='ltr'><strong><em>tribuatis,</em></strong></span> <span class='ocrx_word' id='word_1_47' title='bbox 1192 1188 1286 1260; x_wconf 90' lang='lat' dir='ltr'><strong><em>sicut</em></strong></span> <span class='ocrx_word' id='word_1_48' title='bbox 1311 1192 1348 1259; x_wconf 93' lang='lat' dir='ltr'><strong><em>et</em></strong></span> <span class='ocrx_word' id='word_1_49' title='bbox 1369 1185 1442 1259; x_wconf 89' lang='lat' dir='ltr'><strong><em>alie</em></strong></span> 
     </span>
     <span class='ocr_line' id='line_1_8' title="bbox 345 1287 1535 1384; baseline -0.002 -22"><span class='ocrx_word' id='word_1_50' title='bbox 345 1297 468 1384; x_wconf 76' lang='lat' dir='ltr'><strong><em>pentes</em></strong></span> <span class='ocrx_word' id='word_1_51' title='bbox 495 1313 629 1380; x_wconf 79' lang='lat' dir='ltr'><strong><em>orienes,</em></strong></span> <span class='ocrx_word' id='word_1_52' title='bbox 656 1312 725 1384; x_wconf 83' lang='lat' dir='ltr'><strong><em>que</em></strong></span> <span class='ocrx_word' id='word_1_53' title='bbox 747 1290 868 1360; x_wconf 91' lang='lat' dir='ltr'><strong><em>sancti</em></strong></span> <span class='ocrx_word' id='word_1_54' title='bbox 894 1287 1126 1382; x_wconf 84' lang='lat' dir='ltr'><strong><em>baptismatis</em></strong></span> <span class='ocrx_word' id='word_1_55' title='bbox 1149 1290 1252 1376; x_wconf 80' lang='lat' dir='ltr'><strong><em>[onte</em></strong></span> <span class='ocrx_word' id='word_1_56' title='bbox 1277 1294 1366 1360; x_wconf 91' lang='lat' dir='ltr'><strong><em>sunt</em></strong></span> <span class='ocrx_word' id='word_1_57' title='bbox 1386 1310 1441 1360; x_wconf 90' lang='lat' dir='ltr'><strong><em>re·</em></strong></span> <span class='ocrx_word' id='word_1_58' title='bbox 1533 1295 1535 1360; x_wconf 73' lang='grc' dir='ltr'><em>ὲ</em></span> 
     </span>
     <span class='ocr_line' id='line_1_9' title="bbox 346 1385 1439 1484; baseline 0 -24"><span class='ocrx_word' id='word_1_59' title='bbox 346 1397 440 1462; x_wconf 91' lang='lat' dir='ltr'><strong><em>nate.</em></strong></span> <span class='ocrx_word' id='word_1_60' title='bbox 488 1389 537 1461; x_wconf 85' lang='lat' dir='ltr'><strong><em>Et</em></strong></span> <span class='ocrx_word' id='word_1_61' title='bbox 560 1390 708 1484; x_wconf 71' lang='lat' dir='ltr'><strong><em>aupcbit</em></strong></span> <span class='ocrx_word' id='word_1_62' title='bbox 731 1386 833 1462; x_wconf 84' lang='lat' dir='ltr'><strong><em>vobis</em></strong></span> <span class='ocrx_word' id='word_1_63' title='bbox 855 1385 1034 1462; x_wconf 82' lang='lat' dir='ltr'><strong><em>Dominus</em></strong></span> <span class='ocrx_word' id='word_1_64' title='bbox 1057 1412 1185 1461; x_wconf 89' lang='lat' dir='ltr'><strong><em>novem</em></strong></span> <span class='ocrx_word' id='word_1_65' title='bbox 1206 1394 1336 1482; x_wconf 87' lang='lat' dir='ltr'><strong><em>partes</em></strong></span> <span class='ocrx_word' id='word_1_66' title='bbox 1358 1387 1439 1460; x_wconf 85' lang='lat' dir='ltr'><strong><em>reli·</em></strong></span> 
     </span>
     <span class='ocr_line' id='line_1_10' title="bbox 347 1487 1440 1585; baseline 0 -24"><span class='ocrx_word' id='word_1_67' title='bbox 347 1512 452 1585; x_wconf 83' lang='lat' dir='ltr'><strong><em>quas,</em></strong></span> <span class='ocrx_word' id='word_1_68' title='bbox 479 1495 521 1561; x_wconf 89' lang='lat' dir='ltr'><strong><em>ut</em></strong></span> <span class='ocrx_word' id='word_1_69' title='bbox 544 1493 662 1585; x_wconf 78' lang='lat' dir='ltr'><strong><em>mopis</em></strong></span> <span class='ocrx_word' id='word_1_70' title='bbox 688 1488 881 1562; x_wconf 83' lang='lat' dir='ltr'><strong><em>abundetis</em></strong></span> <span class='ocrx_word' id='word_1_71' title='bbox 905 1492 942 1560; x_wconf 91' lang='lat' dir='ltr'><strong><em>in</em></strong></span> <span class='ocrx_word' id='word_1_72' title='bbox 966 1487 1073 1563; x_wconf 87' lang='lat' dir='ltr'><strong><em>rebus</em></strong></span> <span class='ocrx_word' id='word_1_73' title='bbox 1099 1510 1209 1584; x_wconf 83' lang='lat' dir='ltr'><strong><em>quam</em></strong></span> <span class='ocrx_word' id='word_1_74' title='bbox 1236 1494 1319 1560; x_wconf 90' lang='lat' dir='ltr'><strong><em>ante</em></strong></span> <span class='ocrx_word' id='word_1_75' title='bbox 1345 1495 1382 1560; x_wconf 93' lang='lat' dir='ltr'><strong><em>et</em></strong></span> <span class='ocrx_word' id='word_1_76' title='bbox 1403 1491 1440 1562; x_wconf 86' lang='lat' dir='ltr'><strong><em>in</em></strong></span> 
     </span>
     <span class='ocr_line' id='line_1_11' title="bbox 342 1588 1440 1684; baseline -0.002 -22"><span class='ocrx_word' id='word_1_77' title='bbox 342 1591 517 1684; x_wconf 86' lang='lat' dir='ltr'><strong><em>pecuniis.</em></strong></span> <span class='ocrx_word' id='word_1_78' title='bbox 560 1589 608 1662; x_wconf 84' lang='lat' dir='ltr'><strong><em>Et</em></strong></span> <span class='ocrx_word' id='word_1_79' title='bbox 632 1589 802 1662; x_wconf 88' lang='lat' dir='ltr'><strong><em>liberabit</em></strong></span> <span class='ocrx_word' id='word_1_80' title='bbox 824 1613 889 1661; x_wconf 87' lang='lat' dir='ltr'><strong><em>uos</em></strong></span> <span class='ocrx_word' id='word_1_81' title='bbox 912 1589 1011 1662; x_wconf 87' lang='lat' dir='ltr'><strong><em>Deus</em></strong></span> <span class='ocrx_word' id='word_1_82' title='bbox 1036 1588 1083 1660; x_wconf 90' lang='lat' dir='ltr'><strong><em>ab</em></strong></span> <span class='ocrx_word' id='word_1_83' title='bbox 1102 1588 1263 1661; x_wconf 90' lang='lat' dir='ltr'><strong><em>aliarum</em></strong></span> <span class='ocrx_word' id='word_1_84' title='bbox 1278 1591 1440 1684; x_wconf 75' lang='lat' dir='ltr'><strong><em>pentinm</em></strong></span> 
     </span>
     <span class='ocr_line' id='line_1_12' title="bbox 346 1688 1535 1802; baseline -0.005 -40"><span class='ocrx_word' id='word_1_85' title='bbox 346 1693 627 1785; x_wconf 77' lang='lat' dir='ltr'><strong><em>impupnatiane,</em></strong></span> <span class='ocrx_word' id='word_1_86' title='bbox 653 1713 815 1763; x_wconf 88' lang='lat' dir='ltr'><strong><em>necnon</em></strong></span> <span class='ocrx_word' id='word_1_87' title='bbox 842 1688 889 1762; x_wconf 93' lang='lat' dir='ltr'><strong><em>ab</em></strong></span> <span class='ocrx_word' id='word_1_88' title='bbox 907 1689 1074 1802; x_wconf 69' lang='lat' dir='ltr'><strong><em>pmnibus</em></strong></span> <span class='ocrx_word' id='word_1_89' title='bbox 1099 1691 1277 1785; x_wconf 71' lang='lat' dir='ltr'><strong><em>anqustiis</em></strong></span> <span class='ocrx_word' id='word_1_90' title='bbox 1299 1691 1441 1763; x_wconf 89' lang='lat' dir='ltr'><strong><em>vestris.</em></strong></span> <span class='ocrx_word' id='word_1_91' title='bbox 1534 1745 1535 1756; x_wconf 70' lang='grc'>,</span> 
     </span>
     <span class='ocr_line' id='line_1_13' title="bbox 345 1789 1535 1889; baseline -0.002 -25"><span class='ocrx_word' id='word_1_92' title='bbox 345 1789 498 1864; x_wconf 83' lang='lat' dir='ltr'><strong><em>Talibus</em></strong></span> <span class='ocrx_word' id='word_1_93' title='bbox 517 1790 669 1864; x_wconf 89' lang='lat' dir='ltr'><strong><em>monitis</em></strong></span> <span class='ocrx_word' id='word_1_94' title='bbox 688 1789 914 1864; x_wconf 86' lang='lat' dir='ltr'><strong><em>salutaribus</em></strong></span> <span class='ocrx_word' id='word_1_95' title='bbox 929 1789 1064 1863; x_wconf 88' lang='lat' dir='ltr'><strong><em>auditis</em></strong></span> <span class='ocrx_word' id='word_1_96' title='bbox 1083 1789 1203 1889; x_wconf 77' lang='lat' dir='ltr'><strong><em>gavisi</em></strong></span> <span class='ocrx_word' id='word_1_97' title='bbox 1222 1800 1310 1862; x_wconf 92' lang='lat' dir='ltr'><strong><em>sunt</em></strong></span> <span class='ocrx_word' id='word_1_98' title='bbox 1322 1789 1440 1885; x_wconf 87' lang='lat' dir='ltr'><strong><em>Lyvo·</em></strong></span> <span class='ocrx_word' id='word_1_99' title='bbox 1533 1811 1535 1880; x_wconf 76' lang='lat' dir='ltr'><strong>f</strong></span> 
     </span>
     <span class='ocr_line' id='line_1_14' title="bbox 344 1890 1441 1986; baseline -0.002 -22"><span class='ocrx_word' id='word_1_100' title='bbox 344 1915 426 1986; x_wconf 84' lang='lat' dir='ltr'><strong><em>nes,</em></strong></span> <span class='ocrx_word' id='word_1_101' title='bbox 453 1902 491 1965; x_wconf 91' lang='lat' dir='ltr'><strong><em>et</em></strong></span> <span class='ocrx_word' id='word_1_102' title='bbox 516 1891 657 1967; x_wconf 79' lang='lat' dir='ltr'><strong><em>reversi</em></strong></span> <span class='ocrx_word' id='word_1_103' title='bbox 676 1891 713 1963; x_wconf 91' lang='lat' dir='ltr'><strong><em>in</em></strong></span> <span class='ocrx_word' id='word_1_104' title='bbox 731 1890 956 1964; x_wconf 89' lang='lat' dir='ltr'><strong><em>Thoreidam</em></strong></span> <span class='ocrx_word' id='word_1_105' title='bbox 973 1890 1247 1965; x_wconf 89' lang='lat' dir='ltr'><strong><em>nunciaverunt</em></strong></span> <span class='ocrx_word' id='word_1_106' title='bbox 1264 1891 1441 1963; x_wconf 91' lang='lat' dir='ltr'><strong><em>omnibus</em></strong></span> 
     </span>
     <span class='ocr_line' id='line_1_15' title="bbox 344 1989 1535 2090; baseline -0.002 -26"><span class='ocrx_word' id='word_1_107' title='bbox 344 1994 501 2066; x_wconf 88' lang='lat' dir='ltr'><strong><em>verbum</em></strong></span> <span class='ocrx_word' id='word_1_108' title='bbox 525 1991 727 2065; x_wconf 83' lang='lat' dir='ltr'><strong><em>Alebrandi</em></strong></span> <span class='ocrx_word' id='word_1_109' title='bbox 753 1991 969 2066; x_wconf 87' lang='lat' dir='ltr'><strong><em>sacerdotis.</em></strong></span> <span class='ocrx_word' id='word_1_110' title='bbox 1012 1989 1059 2062; x_wconf 86' lang='lat' dir='ltr'><strong><em>Et</em></strong></span> <span class='ocrx_word' id='word_1_111' title='bbox 1084 1990 1228 2088; x_wconf 84' lang='lat' dir='ltr'><strong><em>placuit</em></strong></span> <span class='ocrx_word' id='word_1_112' title='bbox 1253 1991 1440 2087; x_wconf 83' lang='lat' dir='ltr'><strong><em>omnibus,</em></strong></span> <span class='ocrx_word' id='word_1_113' title='bbox 1533 2059 1535 2090; x_wconf 47' lang='lat'><strong><em>,</em></strong></span> 
     </span>
     <span class='ocr_line' id='line_1_16' title="bbox 346 2091 1535 2190; baseline 0 -24"><span class='ocrx_word' id='word_1_114' title='bbox 346 2118 391 2166; x_wconf 91' lang='lat' dir='ltr'><strong><em>eo</em></strong></span> <span class='ocrx_word' id='word_1_115' title='bbox 412 2093 510 2189; x_wconf 90' lang='lat' dir='ltr'><strong><em>quod</em></strong></span> <span class='ocrx_word' id='word_1_116' title='bbox 529 2093 672 2165; x_wconf 89' lang='lat' dir='ltr'><strong><em>nullam</em></strong></span> <span class='ocrx_word' id='word_1_117' title='bbox 692 2091 848 2190; x_wconf 84' lang='lat' dir='ltr'><strong><em>pecunie</em></strong></span> <span class='ocrx_word' id='word_1_118' title='bbox 867 2092 1027 2164; x_wconf 86' lang='lat' dir='ltr'><strong><em>multam</em></strong></span> <span class='ocrx_word' id='word_1_119' title='bbox 1049 2091 1095 2164; x_wconf 92' lang='lat' dir='ltr'><strong><em>ad</em></strong></span> <span class='ocrx_word' id='word_1_120' title='bbox 1114 2114 1271 2190; x_wconf 82' lang='lat' dir='ltr'><strong><em>presens</em></strong></span> <span class='ocrx_word' id='word_1_121' title='bbox 1291 2092 1441 2166; x_wconf 89' lang='lat' dir='ltr'><strong><em>solvere</em></strong></span> <span class='ocrx_word' id='word_1_122' title='bbox 1532 2093 1535 2100; x_wconf 85' lang='grc'><strong>’</strong></span> 
     </span>
     <span class='ocr_line' id='line_1_17' title="bbox 346 2191 1516 2292; baseline -0.001 -27"><span class='ocrx_word' id='word_1_123' title='bbox 346 2201 583 2291; x_wconf 76' lang='lat' dir='ltr'><strong><em>cogerentur,</em></strong></span> <span class='ocrx_word' id='word_1_124' title='bbox 601 2203 798 2292; x_wconf 83' lang='lat' dir='ltr'><strong><em>sperantes</em></strong></span> <span class='ocrx_word' id='word_1_125' title='bbox 818 2192 855 2264; x_wconf 95' lang='lat' dir='ltr'><strong><em>in</em></strong></span> <span class='ocrx_word' id='word_1_126' title='bbox 873 2192 1000 2265; x_wconf 87' lang='lat' dir='ltr'><strong><em>futuro</em></strong></span> <span class='ocrx_word' id='word_1_127' title='bbox 1020 2216 1117 2264; x_wconf 89' lang='lat' dir='ltr'><strong><em>anno</em></strong></span> <span class='ocrx_word' id='word_1_128' title='bbox 1136 2215 1222 2265; x_wconf 79' lang='lat' dir='ltr'><strong><em>cunr</em></strong></span> <span class='ocrx_word' id='word_1_129' title='bbox 1237 2191 1441 2266; x_wconf 84' lang='lat' dir='ltr'><strong><em>Estonibus</em></strong></span> <span class='ocrx_word' id='word_1_130' title='bbox 1514 2267 1516 2274; x_wconf 12' lang='grc' dir='ltr'><em>Α</em></span> 
     </span>
     <span class='ocr_line' id='line_1_18' title="bbox 345 2292 1441 2368; baseline 0 -4"><span class='ocrx_word' id='word_1_131' title='bbox 345 2292 625 2368; x_wconf 87' lang='lat' dir='ltr'><strong><em>Theuthonicos</em></strong></span> <span class='ocrx_word' id='word_1_132' title='bbox 643 2292 781 2367; x_wconf 90' lang='lat' dir='ltr'><strong><em>iterum</em></strong></span> <span class='ocrx_word' id='word_1_133' title='bbox 799 2293 998 2367; x_wconf 87' lang='lat' dir='ltr'><strong><em>debellare.</em></strong></span> <span class='ocrx_word' id='word_1_134' title='bbox 1035 2292 1082 2364; x_wconf 84' lang='lat' dir='ltr'><strong><em>Et</em></strong></span> <span class='ocrx_word' id='word_1_135' title='bbox 1098 2301 1281 2366; x_wconf 88' lang='lat' dir='ltr'><strong><em>venerunt</em></strong></span> <span class='ocrx_word' id='word_1_136' title='bbox 1307 2316 1441 2366; x_wconf 88' lang='lat' dir='ltr'><strong><em>omncs</em></strong></span> 
     </span>
     <span class='ocr_line' id='line_1_19' title="bbox 346 2391 1441 2490; baseline -0.002 -24"><span class='ocrx_word' id='word_1_137' title='bbox 346 2392 527 2490; x_wconf 87' lang='lat' dir='ltr'><strong><em>seniores,</em></strong></span> <span class='ocrx_word' id='word_1_138' title='bbox 555 2393 617 2490; x_wconf 90' lang='lat' dir='ltr'><strong><em>qui</em></strong></span> <span class='ocrx_word' id='word_1_139' title='bbox 635 2404 908 2490; x_wconf 79' lang='lat' dir='ltr'><strong><em>remanserant,</em></strong></span> <span class='ocrx_word' id='word_1_140' title='bbox 936 2391 1018 2466; x_wconf 91' lang='lat' dir='ltr'><strong><em>sani</em></strong></span> <span class='ocrx_word' id='word_1_141' title='bbox 1045 2393 1091 2490; x_wconf 81' lang='lat' dir='ltr'><strong><em>de</em></strong></span> <span class='ocrx_word' id='word_1_142' title='bbox 1110 2403 1234 2465; x_wconf 86' lang='lat' dir='ltr'><strong><em>castro</em></strong></span> <span class='ocrx_word' id='word_1_143' title='bbox 1254 2392 1441 2490; x_wconf 80' lang='lat' dir='ltr'><strong><em>Dabrelis,</em></strong></span> 
     </span>
     <span class='ocr_line' id='line_1_20' title="bbox 345 2493 1441 2593; baseline 0 -26"><span class='ocrx_word' id='word_1_144' title='bbox 345 2516 416 2568; x_wconf 90' lang='lat' dir='ltr'><strong><em>nec</em></strong></span> <span class='ocrx_word' id='word_1_145' title='bbox 442 2518 518 2567; x_wconf 94' lang='lat' dir='ltr'><strong><em>non</em></strong></span> <span class='ocrx_word' id='word_1_146' title='bbox 546 2506 583 2568; x_wconf 91' lang='lat' dir='ltr'><strong><em>et</em></strong></span> <span class='ocrx_word' id='word_1_147' title='bbox 605 2493 779 2591; x_wconf 90' lang='lat' dir='ltr'><strong><em>Lyvones</em></strong></span> <span class='ocrx_word' id='word_1_148' title='bbox 807 2493 1045 2593; x_wconf 91' lang='lat' dir='ltr'><strong><em>episcopide</em></strong></span> <span class='ocrx_word' id='word_1_149' title='bbox 1072 2493 1145 2566; x_wconf 89' lang='lat' dir='ltr'><strong><em>alia</em></strong></span> <span class='ocrx_word' id='word_1_150' title='bbox 1169 2502 1276 2592; x_wconf 90' lang='lat' dir='ltr'><strong><em>parte</em></strong></span> <span class='ocrx_word' id='word_1_151' title='bbox 1303 2493 1441 2588; x_wconf 85' lang='lat' dir='ltr'><strong><em>Coiwc,</em></strong></span> 
     </span>
     <span class='ocr_line' id='line_1_21' title="bbox 345 2593 1535 2692; baseline 0.001 -27"><span class='ocrx_word' id='word_1_152' title='bbox 345 2593 482 2669; x_wconf 89' lang='lat' dir='ltr'><strong><em>Vesike</em></strong></span> <span class='ocrx_word' id='word_1_153' title='bbox 508 2619 593 2668; x_wconf 91' lang='lat' dir='ltr'><strong><em>cum</em></strong></span> <span class='ocrx_word' id='word_1_154' title='bbox 620 2594 716 2690; x_wconf 84' lang='lat' dir='ltr'><strong><em>sujS,</em></strong></span> <span class='ocrx_word' id='word_1_155' title='bbox 750 2604 788 2669; x_wconf 89' lang='lat' dir='ltr'><strong><em>et</em></strong></span> <span class='ocrx_word' id='word_1_156' title='bbox 815 2594 877 2667; x_wconf 93' lang='lat' dir='ltr'><strong><em>alii</em></strong></span> <span class='ocrx_word' id='word_1_157' title='bbox 900 2595 946 2668; x_wconf 90' lang='lat' dir='ltr'><strong><em>de</em></strong></span> <span class='ocrx_word' id='word_1_158' title='bbox 970 2593 1192 2692; x_wconf 86' lang='lat' dir='ltr'><strong><em>Metsepole,</em></strong></span> <span class='ocrx_word' id='word_1_159' title='bbox 1227 2593 1265 2665; x_wconf 93' lang='lat' dir='ltr'><strong><em>in</em></strong></span> <span class='ocrx_word' id='word_1_160' title='bbox 1289 2593 1442 2692; x_wconf 84' lang='lat' dir='ltr'><strong><em>Rigam,</em></strong></span> <span class='ocrx_word' id='word_1_161' title='bbox 1534 2607 1535 2614; x_wconf 78' lang='grc'>’</span> 
     </span>
     <span class='ocr_line' id='line_1_22' title="bbox 344 2693 1442 2793; baseline -0.002 -25"><span class='ocrx_word' id='word_1_162' title='bbox 344 2704 525 2793; x_wconf 85' lang='lat' dir='ltr'><strong><em>rogantes</em></strong></span> <span class='ocrx_word' id='word_1_163' title='bbox 553 2695 772 2793; x_wconf 90' lang='lat' dir='ltr'><strong><em>episcopum</em></strong></span> <span class='ocrx_word' id='word_1_164' title='bbox 799 2705 856 2791; x_wconf 87' lang='lat' dir='ltr'><strong><em>ut,</em></strong></span> <span class='ocrx_word' id='word_1_165' title='bbox 891 2693 988 2766; x_wconf 89' lang='lat' dir='ltr'><strong><em>sicut</em></strong></span> <span class='ocrx_word' id='word_1_166' title='bbox 1014 2695 1248 2768; x_wconf 87' lang='lat' dir='ltr'><strong><em>Alebrandus</em></strong></span> <span class='ocrx_word' id='word_1_167' title='bbox 1279 2693 1442 2792; x_wconf 87' lang='lat' dir='ltr'><strong><em>edocuit,</em></strong></span> 
     </span>
     <span class='ocr_line' id='line_1_23' title="bbox 344 2794 1443 2892; baseline 0.002 -24"><span class='ocrx_word' id='word_1_168' title='bbox 344 2795 475 2868; x_wconf 89' lang='lat' dir='ltr'><strong><em>infide</em></strong></span> <span class='ocrx_word' id='word_1_169' title='bbox 494 2794 632 2867; x_wconf 90' lang='lat' dir='ltr'><strong><em>Christi</em></strong></span> <span class='ocrx_word' id='word_1_170' title='bbox 650 2795 856 2892; x_wconf 86' lang='lat' dir='ltr'><strong><em>plenariter</em></strong></span> <span class='ocrx_word' id='word_1_171' title='bbox 874 2819 941 2868; x_wconf 91' lang='lat' dir='ltr'><strong><em>eos</em></strong></span> <span class='ocrx_word' id='word_1_172' title='bbox 960 2794 1158 2869; x_wconf 88' lang='lat' dir='ltr'><strong><em>confirmet</em></strong></span> <span class='ocrx_word' id='word_1_173' title='bbox 1182 2804 1220 2868; x_wconf 87' lang='lat' dir='ltr'><strong><em>et</em></strong></span> <span class='ocrx_word' id='word_1_174' title='bbox 1237 2819 1305 2891; x_wconf 91' lang='lat' dir='ltr'><strong><em>pro</em></strong></span> <span class='ocrx_word' id='word_1_175' title='bbox 1326 2795 1443 2870; x_wconf 86' lang='lat' dir='ltr'><strong><em>male·</em></strong></span> 
     </span>
     <span class='ocr_line' id='line_1_24' title="bbox 344 2893 1442 2969; baseline 0 -2"><span class='ocrx_word' id='word_1_176' title='bbox 344 2897 532 2969; x_wconf 86' lang='lat' dir='ltr'><strong><em>factorum</em></strong></span> <span class='ocrx_word' id='word_1_177' title='bbox 551 2919 704 2967; x_wconf 89' lang='lat' dir='ltr'><strong><em>suorum</em></strong></span> <span class='ocrx_word' id='word_1_178' title='bbox 719 2895 978 2969; x_wconf 85' lang='lat' dir='ltr'><strong><em>satisfactione</em></strong></span> <span class='ocrx_word' id='word_1_179' title='bbox 992 2894 1157 2968; x_wconf 88' lang='lat' dir='ltr'><strong><em>decimas</em></strong></span> <span class='ocrx_word' id='word_1_180' title='bbox 1172 2895 1367 2968; x_wconf 89' lang='lat' dir='ltr'><strong><em>annuatim</em></strong></span> <span class='ocrx_word' id='word_1_181' title='bbox 1380 2893 1442 2969; x_wconf 63' lang='lat' dir='ltr'><strong><em>&#39;eis</em></strong></span> 
     </span>
     <span class='ocr_line' id='line_1_25' title="bbox 344 2994 1442 3094; baseline 0.001 -27"><span class='ocrx_word' id='word_1_182' title='bbox 344 2995 517 3092; x_wconf 79' lang='lat' dir='ltr'><strong><em>iniungat</em></strong></span> <span class='ocrx_word' id='word_1_183' title='bbox 534 2996 815 3093; x_wconf 90' lang='lat' dir='ltr'><strong><em>persolvendas.</em></strong></span> <span class='ocrx_word' id='word_1_184' title='bbox 851 2994 899 3067; x_wconf 82' lang='lat' dir='ltr'><strong><em>Et</em></strong></span> <span class='ocrx_word' id='word_1_185' title='bbox 917 2995 1103 3094; x_wconf 89' lang='lat' dir='ltr'><strong><em>displicuit</em></strong></span> <span class='ocrx_word' id='word_1_186' title='bbox 1126 3019 1251 3069; x_wconf 89' lang='lat' dir='ltr'><strong><em>sermo</em></strong></span> <span class='ocrx_word' id='word_1_187' title='bbox 1271 2995 1344 3068; x_wconf 91' lang='lat' dir='ltr'><strong><em>iste</em></strong></span> <span class='ocrx_word' id='word_1_188' title='bbox 1362 3007 1442 3069; x_wconf 86' lang='lat' dir='ltr'><strong><em>tam</em></strong></span> 
     </span>
     <span class='ocr_line' id='line_1_26' title="bbox 345 3094 1441 3208; baseline 0.001 -41"><span class='ocrx_word' id='word_1_189' title='bbox 345 3097 384 3167; x_wconf 90' lang='lat' dir='ltr'><strong><em>in</em></strong></span> <span class='ocrx_word' id='word_1_190' title='bbox 412 3094 531 3168; x_wconf 89' lang='lat' dir='ltr'><strong><em>oculis</em></strong></span> <span class='ocrx_word' id='word_1_191' title='bbox 558 3095 823 3208; x_wconf 88' lang='lat' dir='ltr'><strong><em>episcoporum</em></strong></span> <span class='ocrx_word' id='word_1_192' title='bbox 856 3121 970 3194; x_wconf 87' lang='lat' dir='ltr'><strong><em>quam</em></strong></span> <span class='ocrx_word' id='word_1_193' title='bbox 1000 3096 1160 3168; x_wconf 89' lang='lat' dir='ltr'><strong><em>aliorum</em></strong></span> <span class='ocrx_word' id='word_1_194' title='bbox 1191 3095 1441 3170; x_wconf 90' lang='lat' dir='ltr'><strong><em>discretorum</em></strong></span> 
     </span>
     <span class='ocr_line' id='line_1_27' title="bbox 344 3195 1535 3296; baseline -0.006 -27"><span class='ocrx_word' id='word_1_195' title='bbox 344 3195 524 3291; x_wconf 85' lang='lat' dir='ltr'><strong><em>virorum,</em></strong></span> <span class='ocrx_word' id='word_1_196' title='bbox 550 3196 763 3270; x_wconf 80' lang='lat' dir='ltr'><strong><em>timentium</em></strong></span> <span class='ocrx_word' id='word_1_197' title='bbox 781 3197 950 3296; x_wconf 86' lang='lat' dir='ltr'><strong><em>ipsorum</em></strong></span> <span class='ocrx_word' id='word_1_198' title='bbox 977 3195 1268 3295; x_wconf 85' lang='lat' dir='ltr'><strong><em>promissionem</em></strong></span> <span class='ocrx_word' id='word_1_199' title='bbox 1286 3197 1439 3294; x_wconf 88' lang='lat' dir='ltr'><strong><em>plenam</em></strong></span> <span class='ocrx_word' id='word_1_200' title='bbox 1534 3259 1535 3262; x_wconf 74' lang='grc'>,</span> 
     </span>
     <span class='ocr_line' id='line_1_28' title="bbox 347 3295 1443 3372; baseline -0.002 -2"><span class='ocrx_word' id='word_1_201' title='bbox 347 3319 431 3370; x_wconf 91' lang='lat' dir='ltr'><strong><em>esse</em></strong></span> <span class='ocrx_word' id='word_1_202' title='bbox 460 3297 562 3369; x_wconf 93' lang='lat' dir='ltr'><strong><em>omni</em></strong></span> <span class='ocrx_word' id='word_1_203' title='bbox 586 3297 736 3370; x_wconf 85' lang='lat' dir='ltr'><strong><em>fallacia</em></strong></span> <span class='ocrx_word' id='word_1_204' title='bbox 764 3307 802 3372; x_wconf 88' lang='lat' dir='ltr'><strong><em>et</em></strong></span> <span class='ocrx_word' id='word_1_205' title='bbox 825 3297 998 3370; x_wconf 90' lang='lat' dir='ltr'><strong><em>dolorum</em></strong></span> <span class='ocrx_word' id='word_1_206' title='bbox 1022 3295 1312 3372; x_wconf 89' lang='lat' dir='ltr'><strong><em>machinatione.</em></strong></span> <span class='ocrx_word' id='word_1_207' title='bbox 1366 3296 1443 3372; x_wconf 88' lang='lat' dir='ltr'><strong><em>Sed</em></strong></span> 
     </span>
     <span class='ocr_line' id='line_1_29' title="bbox 345 3396 1444 3496; baseline 0.002 -27"><span class='ocrx_word' id='word_1_208' title='bbox 345 3407 472 3490; x_wconf 76' lang='lat' dir='ltr'><strong><em>tamen</em></strong></span> <span class='ocrx_word' id='word_1_209' title='bbox 492 3397 766 3496; x_wconf 86' lang='lat' dir='ltr'><strong><em>supplicatione</em></strong></span> <span class='ocrx_word' id='word_1_210' title='bbox 785 3422 915 3472; x_wconf 90' lang='lat' dir='ltr'><strong><em>eorum</em></strong></span> <span class='ocrx_word' id='word_1_211' title='bbox 934 3398 1148 3496; x_wconf 85' lang='lat' dir='ltr'><strong><em>importuna</em></strong></span> <span class='ocrx_word' id='word_1_212' title='bbox 1161 3397 1282 3471; x_wconf 91' lang='lat' dir='ltr'><strong><em>victus</em></strong></span> <span class='ocrx_word' id='word_1_213' title='bbox 1297 3396 1444 3496; x_wconf 91' lang='lat' dir='ltr'><strong><em>episco-</em></strong></span> 
     </span>
     <span class='ocr_line' id='line_1_30' title="bbox 346 3498 1442 3599; baseline 0.001 -29"><span class='ocrx_word' id='word_1_214' title='bbox 346 3521 429 3596; x_wconf 77' lang='lat' dir='ltr'><strong><em>puS,</em></strong></span> <span class='ocrx_word' id='word_1_215' title='bbox 456 3507 495 3571; x_wconf 88' lang='lat' dir='ltr'><strong><em>et</em></strong></span> <span class='ocrx_word' id='word_1_216' title='bbox 519 3499 684 3573; x_wconf 86' lang='lat' dir='ltr'><strong><em>maxime</em></strong></span> <span class='ocrx_word' id='word_1_217' title='bbox 707 3499 995 3599; x_wconf 86' lang='lat' dir='ltr'><strong><em>peregrinorum</em></strong></span> <span class='ocrx_word' id='word_1_218' title='bbox 1021 3508 1059 3572; x_wconf 91' lang='lat' dir='ltr'><strong><em>et</em></strong></span> <span class='ocrx_word' id='word_1_219' title='bbox 1075 3498 1190 3570; x_wconf 90' lang='lat' dir='ltr'><strong><em>totius</em></strong></span> <span class='ocrx_word' id='word_1_220' title='bbox 1209 3498 1339 3596; x_wconf 93' lang='lat' dir='ltr'><strong><em>populi</em></strong></span> <span class='ocrx_word' id='word_1_221' title='bbox 1356 3519 1442 3595; x_wconf 88' lang='lat' dir='ltr'><strong><em>pre·</em></strong></span> 
     </span>
     <span class='ocr_line' id='line_1_31' title="bbox 346 3597 1517 3698; baseline 0.004 -27"><span class='ocrx_word' id='word_1_222' title='bbox 346 3599 449 3672; x_wconf 90' lang='lat' dir='ltr'><strong><em>cibus</em></strong></span> <span class='ocrx_word' id='word_1_223' title='bbox 482 3615 679 3673; x_wconf 87' lang='lat' dir='ltr'><strong><em>assensum</em></strong></span> <span class='ocrx_word' id='word_1_224' title='bbox 709 3602 891 3698; x_wconf 74' lang='lat' dir='ltr'><strong><em>prebenS,</em></strong></span> <span class='ocrx_word' id='word_1_225' title='bbox 932 3597 1062 3672; x_wconf 87' lang='lat' dir='ltr'><strong><em>annuit</em></strong></span> <span class='ocrx_word' id='word_1_226' title='bbox 1093 3598 1266 3697; x_wconf 90' lang='lat' dir='ltr'><strong><em>petitioni</em></strong></span> <span class='ocrx_word' id='word_1_227' title='bbox 1297 3623 1443 3696; x_wconf 88' lang='lat' dir='ltr'><strong><em>eorum,</em></strong></span> <span class='ocrx_word' id='word_1_228' title='bbox 1515 3669 1517 3676; x_wconf 87' lang='grc'><em>,</em></span> 
     </span>
     <span class='ocr_line' id='line_1_32' title="bbox 345 3698 1442 3798; baseline -0.002 -25"><span class='ocrx_word' id='word_1_229' title='bbox 345 3698 563 3798; x_wconf 89' lang='lat' dir='ltr'><strong><em>recepitque</em></strong></span> <span class='ocrx_word' id='word_1_230' title='bbox 581 3723 647 3773; x_wconf 91' lang='lat' dir='ltr'><strong><em>eos</em></strong></span> <span class='ocrx_word' id='word_1_231' title='bbox 665 3699 703 3772; x_wconf 93' lang='lat' dir='ltr'><strong><em>in</em></strong></span> <span class='ocrx_word' id='word_1_232' title='bbox 727 3700 841 3798; x_wconf 88' lang='lat' dir='ltr'><strong><em>filios,</em></strong></span> <span class='ocrx_word' id='word_1_233' title='bbox 869 3710 906 3774; x_wconf 92' lang='lat' dir='ltr'><strong><em>et</em></strong></span> <span class='ocrx_word' id='word_1_234' title='bbox 924 3718 1018 3798; x_wconf 88' lang='lat' dir='ltr'><strong><em>pace</em></strong></span> <span class='ocrx_word' id='word_1_235' title='bbox 1044 3699 1131 3771; x_wconf 86' lang='lat' dir='ltr'><strong><em>data</em></strong></span> <span class='ocrx_word' id='word_1_236' title='bbox 1175 3699 1442 3773; x_wconf 80' lang='lat' dir='ltr'><strong><em>comissionem</em></strong></span> 
     </span>
     <span class='ocr_line' id='line_1_33' title="bbox 346 3725 1443 3898; baseline -0.004 -24"><span class='ocrx_word' id='word_1_237' title='bbox 346 3824 479 3874; x_wconf 90' lang='lat' dir='ltr'><strong><em>eorum</em></strong></span> <span class='ocrx_word' id='word_1_238' title='bbox 499 3800 745 3898; x_wconf 87' lang='lat' dir='ltr'><strong><em>confirmavit,</em></strong></span> <span class='ocrx_word' id='word_1_239' title='bbox 771 3813 812 3874; x_wconf 94' lang='lat' dir='ltr'><strong><em>ut</em></strong></span> <span class='ocrx_word' id='word_1_240' title='bbox 830 3801 1006 3897; x_wconf 88' lang='lat' dir='ltr'><strong><em>deinceps</em></strong></span> <span class='ocrx_word' id='word_1_241' title='bbox 1024 3798 1118 3872; x_wconf 87' lang='lat' dir='ltr'><strong><em>fiant</em></strong></span> <span class='ocrx_word' id='word_1_242' title='bbox 1138 3725 1270 3874; x_wconf 71' lang='lat' dir='ltr'><strong><em>lideles</em></strong></span> <span class='ocrx_word' id='word_1_243' title='bbox 1290 3809 1328 3873; x_wconf 92' lang='lat' dir='ltr'><strong><em>et</em></strong></span> <span class='ocrx_word' id='word_1_244' title='bbox 1346 3797 1443 3872; x_wconf 91' lang='lat' dir='ltr'><strong><em>deci·</em></strong></span> 
     </span>
     <span class='ocr_line' id='line_1_34' title="bbox 345 3900 818 3975; baseline -0.002 -1"><span class='ocrx_word' id='word_1_245' title='bbox 345 3925 428 3974; x_wconf 88' lang='lat' dir='ltr'><strong><em>mas</em></strong></span> <span class='ocrx_word' id='word_1_246' title='bbox 448 3900 641 3974; x_wconf 88' lang='lat' dir='ltr'><strong><em>annuatim</em></strong></span> <span class='ocrx_word' id='word_1_247' title='bbox 661 3901 818 3975; x_wconf 90' lang='lat' dir='ltr'><strong><em>solvant.</em></strong></span> 
     </span>
    </p>

    <p class='ocr_par' dir='ltr' id='par_1_3' title="bbox 287 3997 1443 4300">
     <span class='ocr_line' id='line_1_35' title="bbox 287 3997 1442 4098; baseline -0.003 -22"><span class='ocrx_word' id='word_1_248' title='bbox 287 4011 335 4097; x_wconf 83' lang='lat'>(5.)</span> <span class='ocrx_word' id='word_1_249' title='bbox 420 4002 526 4074; x_wconf 90' lang='lat' dir='ltr'><strong><em>Unde</em></strong></span> <span class='ocrx_word' id='word_1_250' title='bbox 544 4000 716 4096; x_wconf 85' lang='lat' dir='ltr'><strong><em>Lyvones</em></strong></span> <span class='ocrx_word' id='word_1_251' title='bbox 735 4002 781 4077; x_wconf 92' lang='lat' dir='ltr'><strong><em>de</em></strong></span> <span class='ocrx_word' id='word_1_252' title='bbox 800 4011 924 4075; x_wconf 87' lang='lat' dir='ltr'><strong><em>castro</em></strong></span> <span class='ocrx_word' id='word_1_253' title='bbox 937 4000 1124 4097; x_wconf 69' lang='lat' dir='ltr'><strong><em>Danielis,</em></strong></span> <span class='ocrx_word' id='word_1_254' title='bbox 1144 3997 1442 4098; x_wconf 80' lang='lat' dir='ltr'><strong><em>sicut&#39;promise·</em></strong></span> 
     </span>
     <span class='ocr_line' id='line_1_36' title="bbox 346 4099 1442 4200; baseline -0.002 -27"><span class='ocrx_word' id='word_1_255' title='bbox 346 4111 443 4196; x_wconf 83' lang='lat' dir='ltr'><strong><em>runt,</em></strong></span> <span class='ocrx_word' id='word_1_256' title='bbox 477 4101 642 4175; x_wconf 91' lang='lat' dir='ltr'><strong><em>decimas</em></strong></span> <span class='ocrx_word' id='word_1_257' title='bbox 671 4103 822 4175; x_wconf 88' lang='lat' dir='ltr'><strong><em>solvunt</em></strong></span> <span class='ocrx_word' id='word_1_258' title='bbox 848 4101 1055 4200; x_wconf 86' lang='lat' dir='ltr'><strong><em>annuatim,</em></strong></span> <span class='ocrx_word' id='word_1_259' title='bbox 1082 4112 1119 4176; x_wconf 92' lang='lat' dir='ltr'><strong><em>et</em></strong></span> <span class='ocrx_word' id='word_1_260' title='bbox 1146 4099 1348 4175; x_wconf 90' lang='lat' dir='ltr'><strong><em>custodivit</em></strong></span> <span class='ocrx_word' id='word_1_261' title='bbox 1371 4122 1442 4174; x_wconf 90' lang='lat' dir='ltr'><strong><em>eos</em></strong></span> 
     </span>
     <span class='ocr_line' id='line_1_37' title="bbox 345 4199 1443 4300; baseline -0.003 -27"><span class='ocrx_word' id='word_1_262' title='bbox 345 4200 527 4274; x_wconf 90' lang='lat' dir='ltr'><strong><em>Dominus</em></strong></span> <span class='ocrx_word' id='word_1_263' title='bbox 555 4202 736 4292; x_wconf 87' lang='lat' dir='ltr'><strong><em>hactenus</em></strong></span> <span class='ocrx_word' id='word_1_264' title='bbox 765 4205 809 4276; x_wconf 88' lang='lat' dir='ltr'><strong><em>ab</em></strong></span> <span class='ocrx_word' id='word_1_265' title='bbox 838 4203 939 4275; x_wconf 92' lang='lat' dir='ltr'><strong><em>omni</em></strong></span> <span class='ocrx_word' id='word_1_266' title='bbox 963 4202 1363 4300; x_wconf 60' lang='lat' dir='ltr'><strong><em>impetu‘paganorum</em></strong></span> <span class='ocrx_word' id='word_1_267' title='bbox 1381 4199 1443 4274; x_wconf 85' lang='lat' dir='ltr'><strong><em>vel</em></strong></span> 
     </span>
    </p>
   </div>
   <div class='ocr_carea' id='block_1_3' title="bbox 0 0 1557 5012">
    <p class='ocr_par' dir='ltr' id='par_1_4' title="bbox 0 0 1557 5012">
     <span class='ocr_line' id='line_1_38' title="bbox 0 0 1557 5012; baseline 0 0"><span class='ocrx_word' id='word_1_268' title='bbox 0 0 1557 5012; x_wconf 95' lang='lat' dir='ltr'><strong><em> </em></strong></span> 
     </span>
    </p>
   </div>
  </div>
 </body>
</html>
