3104 5012
324 423 536 496 HEINRICI
563 423 841 498 CHRONICON
869 423 1119 498 LYVONIAE.
1198 428 1267 499 147

63 687 65 691 .
168 621 287 702 vitam
311 623 573 728 heremiticam
598 625 767 728 elegerat
792 636 831 698 et
853 625 991 698 ibidem
1012 623 1181 720 martyrii
1205 624 1265 696 sui

166 747 335 820 agonem
354 727 606 822 exspectabat.
657 725 739 812 Quo
769 724 1210 814 consummatofelicite'r
1229 735 1267 798 et

166 821 422 906 indubitanter
448 825 485 896 in
512 833 729 899 sanctorum
756 826 1062 899 communionem
1092 825 1266 898 transmi-

166 924 302 1022 grarit
338 924 384 997 Et
402 925 587 999 miserunt
604 921 765 1000 Rutheni
785 928 830 1000 de
849 925 1087 1001 Plescekowe
1106 925 1264 998 nuncios

166 1023 205 1095 in
224 1023 444 1121 Lyvoniam,
472 1026 639 1100 dicentes
665 1050 707 1101 se
734 1052 867 1123 pacem
888 1052 975 1100 cum
993 1025 1262 1100 Theuthonicis

47 1147 54 1156 ’
165 1123 344 1197 facturos.
398 1124 472 1200 Sed
505 1137 613 1200 erant
643 1127 957 1202 consiliaeorum
984 1150 1135 1225 semper
1161 1125 1263 1200 mala

164 1248 254 1297 cum
281 1224 481 1298 Estonibns
509 1237 547 1300 et
571 1227 673 1299 omni
700 1229 786 1300 dolo
813 1228 937 1324 plena.
989 1226 1097 1314 Quod
1124 1225 1321 1325 intelli-(9.)

164 1335 300 1422 gentes
319 1325 514 1423 RigenseS,
541 1327 725 1400 miserunt
743 1329 789 1400 ad
807 1329 980 1424 Lyvones
999 1337 1035 1400 et
1053 1326 1196 1423 Lettos,
1223 1336 1262 1400 et

163 1437 493 1523 congregaverunt
510 1427 730 1525 exercitum,
759 1439 799 1500 ut
822 1427 920 1502 irent
937 1438 1067 1500 contra
1086 1427 1260 1500 Estones.

164 1523 213 1596 Et
233 1525 332 1598 circa
357 1527 643 1625 quadragesime
665 1527 818 1600 inicium
841 1538 1096 1602 convenerunt
1119 1528 1165 1601 ad
1192 1525 1351 1600 sar-12¹⁹·

162 1623 313 1719 letsam,
342 1636 380 1699 et
407 1637 487 1700 erat
511 1627 561 1699 ibi
583 1628 787 1727 Voiquinus
808 1629 990 1726 magister
1016 1627 1154 1701 milicie
1172 1597 1348 1700 comm*

162 1724 340 1797 Heinrieo
355 1726 549 1800 Rorewino
565 1737 603 1801 et
616 1728 838 1827 peregrinis,
858 1740 895 1801 et
908 1729 1082 1824 Lyvones
1096 1738 1133 1802 et
1146 1727 1256 1823 Letti,

162 1835 202 1897 et
218 1825 323 1898 ibant
340 1826 377 1898 in
392 1827 514 1924 glacie
533 1828 661 1925 maris,
680 1829 799 1902 donec
813 1827 1069 1927 Sontaganam
1088 1827 1257 1924 perveni·

162 1936 258 1999 rent.
295 1925 343 1998 Et
360 1927 587 2027 accipientes
601 1927 739 2002 ibidem
754 1929 799 2002 de
813 1939 937 2001 castro
951 1927 1012 2002 vie
1026 1929 1152 2024 duceS,
1172 1952 1257 2025 pro·

161 2037 360 2106 cesserunt
379 2053 446 2126 per
466 2037 584 2100 totam
603 2038 753 2102 noctem
779 2030 823 2102 ad
842 2028 1090 2103 Revelensem
1109 2027 1257 2125 provin-

162 2124 272 2198 ciam.
301 2127 582 2202 Etoocurriteis
593 2137 726 2202 ventus
737 2131 782 2202 ab
795 2128 1254 2230 aquilonefrigidissimus.

161 2225 254 2297 Erat
271 2227 371 2300 enim
400 2227 550 2326 frigoris
575 2239 679 2301 tanta
704 2230 902 2328 asperitaS,
929 2239 970 2301 ut
997 2228 1255 2302 extremitates

161 2329 420 2400 membrorum
447 2329 613 2426 ipsorum
641 2328 678 2400 in
706 2329 910 2428 frigiditate
929 2330 1057 2402 multis
1076 2328 1254 2426 perirent,

161 2435 199 2498 et
225 2427 307 2500 aliis
334 2451 460 2526 nasus,
489 2427 571 2500 aliis
599 2453 733 2502 manns
759 2429 917 2526 aliisque
942 2430 1056 2526 pedes
1081 2429 1256 2525 congela-

59 2563 64 2571 ·
159 2536 292 2599 rentur
318 2538 355 2599 et
381 2528 553 2601 omnibus
582 2528 689 2601 nobis
720 2529 820 2601 domi
847 2539 981 2628 postea
1012 2528 1254 2601 redeuntibus

160 2650 259 2700 nova
284 2627 380 2700 cutis
405 2628 442 2701 in
470 2629 567 2702 facie
593 2640 897 2727 supercresceret
922 2638 1050 2723 ¹uetere
1068 2627 1255 2734 proiecta.

162 2725 322 2813 Quidam
339 2727 458 2802 eciam
473 2739 606 2826 postea
620 2729 754 2802 mortui
770 2740 866 2802 sunt.
898 2729 1114 2802 Diviserunt
1128 2739 1254 2803 autem

161 2828 368 2900 exercitum
387 2827 553 2901 suumin
572 2838 649 2903 tres
668 2829 781 2925 acies,
801 2841 838 2902 et
857 2827 1002 2928 accepit
1015 2828 1149 2902 Vesike
1168 2853 1254 2901 cum

159 2926 372 3022 Lyvonibus
398 2929 477 3002 suis
505 2954 618 3002 unam
643 2929 763 3004 aciem
791 2940 829 3002 et
852 2929 953 3002 viam
978 2930 1023 3002 ad
1052 2928 1256 3023 sinistram,

160 3026 379 3118 Lettirero
412 3030 457 3101 ad
490 3030 702 3126 dexteram,
738 3029 1007 3112 Theuthoniois
1034 3053 1124 3102 vero
1155 3027 1256 3101 viam

160 3127 323 3201 mediam
345 3153 450 3202 more
474 3129 585 3203 solito
605 3129 837 3203 dimiserunt.
886 3130 933 3202 Et
956 3129 1171 3227 relinquens
1190 3129 1258 3201 Ve-

160 3225 243 3301 sike
267 3228 366 3300 viam
389 3252 509 3324 suam,
537 3229 817 3303 Theuthonicos
844 3229 901 3303 via
927 3229 1050 3303 media
1073 3227 1258 3327 precessit

162 3351 250 3399 curn
277 3329 491 3423 Lyvonibus
518 3328 610 3422 suis,
643 3329 706 3426 qui
730 3330 853 3427 primo
880 3355 992 3404 mane
1019 3340 1106 3402 ante
1131 3329 1256 3401 lucem
1314 3411 1317 3421 Ι

161 3426 303 3523 viliam,
331 3454 442 3526 quam
469 3430 691 3502 invenerunt
716 3429 897 3526 primam,
931 3429 1185 3524 incendentes,
1217 3438 1259 3499 ut

9 3519 11 3526 ¹
39 3548 42 3552 ·
161 3550 204 3600 se
224 3528 485 3603 calefacerent.
522 3529 569 3601 Et
581 3528 749 3602 videntes
768 3529 895 3626 ignem
910 3529 1018 3601 illum
1031 3528 1192 3601 Estones
1211 3528 1257 3600 de

160 3637 244 3700 tota
260 3629 465 3726 provincia,
494 3628 622 3702 statim
641 3628 848 3702 exercitum
870 3630 1133 3725 Lyvonensem
1151 3627 1259 3700 intel·

162 3727 348 3824 leirerunt,
375 3741 413 3803 et
438 3731 617 3828 fugerunt
640 3728 898 3828 unusquisque
926 3730 971 3802 ad
995 3729 1158 3801 latibula
1176 3750 1256 3800 sua.

161 3827 410 3902 Theuthonici
441 3855 530 3904 vero
560 3839 761 3926 sequentes
793 3839 832 3903 et
861 3829 988 3904 villam
1014 3840 1101 3930 ante
1132 3828 1256 3901 lucem

161 3927 357 4001 incensam
374 3928 608 4004 invenientes
628 3939 664 4002 et
681 3930 741 4002 vie
759 3930 894 4004 ducem
913 3932 1109 4004 aberrasse
1126 3938 1260 4027 putan·

161 4038 233 4124 tce,
261 4028 530 4104 interfecerunt
552 4054 639 4104 eum
667 4029 814 4102 ibidem.
869 4031 979 4104 Mane
1005 4039 1132 4104 autem
1157 4031 1257 4101 facto

162 4127 416 4203 circuiverunt
441 4156 509 4230 per
535 4153 667 4204 omnes
691 4129 812 4227 vittas,
840 4130 1082 4205 incendentes
1109 4153 1194 4226 eas,
1222 4139 1260 4202 et
