3104 5012
193 567 196 574 ⁴
332 493 544 569 llElNlllCl
571 494 849 569 CHRONlCON
875 495 1125 570 LYVONIAE
1204 485 1274 574 ι97

176 694 386 768 exercitum
400 720 511 770 suum
530 697 576 770 de
591 707 715 771 castro
735 696 845 770 iussit
863 697 977 795 exire,
997 708 1035 772 et
1053 722 1139 771 cum
1153 697 1274 771 Theu·
1282 779 1287 794 ,

173 795 339 869 thonicis
358 797 527 871 bellum
518 797 612 872 mire
630 798 813 871 simulans
833 751 1017 872 ordinavit
1039 822 1191 872 omnem
1208 822 1273 894 po·

174 897 308 1009 pulum
327 920 437 970 suurn
456 897 493 970 in
513 923 633 997 caupo
653 923 741 972 cum
755 898 960 998 sagittariis
974 899 1068 996 suiS,
1087 909 1125 974 et
1138 922 1274 997 appro-

174 996 359 1095 pinquare
387 998 487 1097 cepit
513 999 559 1072 ad
587 1023 664 1073 eos.
718 999 881 1073 Unde
847 999 916 1072 vrri
943 1023 1075 1074 omnes
1104 998 1272 1098 episcopi

176 1122 264 1170 cum
282 1123 374 1197 rege
391 1096 632 1174 Woldemaro
651 1110 689 1174 et
705 1099 883 1173 fratribus
903 1100 1053 1199 milicie,
1074 1108 1112 1175 ct
1130 1124 1274 1173 merca·

174 1208 280 1272 tores
307 1198 445 1272 indutis
474 1199 589 1273 armis
613 1200 712 1298 suiS,
749 1201 927 1282 audacter
952 1201 1034 1300 regi
1057 1201 1096 1274 in
1122 1199 1272 1272 obviam

174 1295 455 1396 processerunt
509 1300 556 1373 Et
587 1326 672 1374 cum
705 1303 1044 1416 congrederentur,
1083 1300 1272 1375 lohannes

176 1399 339 1473 ecclesie
357 1403 466 1474 beate
479 1401 596 1475 lllarie
613 1402 841 1500 prepositus,
861 1411 899 1476 et
916 1427 981 1476 rex
994 1402 1272 1499 Woldemarus,

175 1524 264 1572 cum
282 1499 365 1573 aliis
384 1501 618 1598 quibusdam,
645 1501 884 1578 intermedia
909 1503 1060 1601 agmina
1077 1512 1273 1614 transeun-

175 1610 255 1697 tes,
286 1625 417 1700 regem
448 1602 722 1676 commonitum
752 1604 956 1700 habebant,
984 1628 1031 1677 ne
1058 1603 1166 1677 bellis
1194 1600 1272 1675 suis

175 1701 366 1774 novellam
384 1705 554 1778 turbaret
572 1703 785 1800 ecclesiam,
804 1730 852 1778 ne
871 1714 907 1778 et
925 1705 1007 1803 ipse
1025 1728 1111 1777 cum
1129 1702 1271 1801 populo

176 1825 247 1874 suo
261 1805 476 1876 turbaretur
490 1829 511 1877 a
525 1805 804 1902 Theuthonicis,
819 1803 999 1902 quierant
1010 1827 1143 1878 omnes
1153 1806 1271 1877 fortes

174 1902 215 1974 in
241 1902 356 1975 armis
375 1903 453 1976 suis
479 1915 516 1978 et
533 1904 722 1979 habebant
739 1904 968 1980 desiderium
986 1928 1167 2018 magnum
1186 1927 1272 1976 cum

174 2002 359 2076 Ruthenis
385 2005 587 2103 pugnandi.
632 2005 802 2093 Quorum
827 2004 1023 2080 audaciam
1047 2004 1188 2080 veritus
1207 2028 1273 2077 rex

177 2105 384 2178 exercitum
411 2127 523 2178 suum
547 2104 669 2180 redire
694 2106 816 2203 iussit,
850 2115 887 2180 et
912 2106 1099 2180 transiens
1125 2105 1170 2177 ad
1198 2103 1274 2203 epi-

176 2227 355 2300 scopum,
383 2215 421 2278 et
445 2215 640 2304 tamquam
667 2161 816 2320 patroni
840 2205 1075 2379 spitritualem
1102 2206 1273 2279 salutans

175 2315 378 2378 veneratus
405 2315 474 2380 est
525 2305 707 2380 Similiter
730 2318 768 2381 et
791 2307 871 2404 ipse
895 2318 1089 2404 tamquam
1107 2305 1207 2379 filius
1227 2306 1273 2377 ab

178 2429 223 2478 eo
244 2414 419 2505 receptus
440 2416 507 2480 est.
545 2407 592 2480 lit
577 2416 891 2481 tcommanentes
911 2410 956 2480 ad
975 2418 1125 2506 tempus
1142 2406 1275 2479 verbo·

168 2507 264 2579 'rum
281 2506 661 2604 interloquutionibus
680 2507 819 2605 omnia,
838 2532 910 2604 quc
929 2508 1037 2605 pacis
1054 2517 1173 2601 erant,
1193 2503 1274 2577 dili·

178 2613 316 2704 genter
329 2606 576 2720 inquirebant
611 2607 717 2681 Unde
735 2608 887 2681 tandem
906 2632 984 2705 rex,
1011 2607 1080 2681 Dei
1098 2604 1274 2679 fortassis

178 2707 363 2780 edoctus
353 2707 544 2805 mstinctu,
570 2707 835 2804 Lyvoniamto
838 2719 917 2781 tam
936 2709 1073 2780 domno
1094 2707 1272 2805 episcopo

177 2807 336 2880 liberam
351 2807 512 2905 reliquit,
528 2820 568 2881 ut
583 2834 655 2907 pax
668 2809 765 2882 inter
781 2832 846 2883 eos
860 2819 1044 2908 perpetua
1058 2807 1274 2881 firmaretur

178 2918 258 2980 tam
276 2919 408 2981 contra
425 2909 601 3007 Letones,
628 2934 742 3006 quam
764 2919 893 2983 contra
912 2909 1008 2982 alios
1026 2931 1209 3008 paganoS,
1237 2916 1276 2980 et

177 3008 239 3080 via
258 3009 560 3083 mercatoribus
549 3036 587 3083 m
601 3008 710 3083 Duna
729 3035 880 3110 semper
894 3010 1011 3084 libera
1028 3017 1272 3119 prestaretur.

178 3109 228 3181 Et
250 3109 310 3181 his
336 3110 499 3208 peractis
523 3136 589 3185 rex
608 3135 694 3184 cum
718 3111 990 3186 mercatoribus
1010 3121 1151 3184 etcum
1171 3105 1274 3181 omni

177 3211 320 3307 populo
352 3233 422 3283 suo
453 3209 602 3284 Dunam
633 3213 841 3286 ascendens
873 3223 911 3286 et
940 3235 1115 3286 reversus
1147 3209 1273 3283 estin

177 3309 341 3383 Ploceke
359 3310 550 3385 civitatem
569 3335 677 3385 suam
694 3337 780 3386 cum
768 3312 948 3426 gaudio.
985 3311 1058 3386 Sed
1080 3322 1116 3385 et
1131 3311 1275 3408 episco-

179 3434 251 3509 pus
283 3435 368 3483 cum
397 3413 569 3484 omnibus
597 3411 676 3485 suis
702 3412 836 3486 maiori
863 3412 1000 3511 gaudio
1029 3410 1273 3506 descendens,

179 3510 317 3584 rediit
307 3537 345 3583 m
363 3511 580 3608 Lyvoniam.

255 3612 487 3686 Posthorum
501 3612 757 3687 reversionem
767 3623 849 3686 orta
866 3623 923 3687 est
933 3611 1123 3685 contentio
1135 3634 1274 3706 magna
1284 3624 1337 3710 (3.)

179 3711 279 3784 inter
295 3712 431 3786 fratres
450 3711 589 3786 milicie
609 3713 654 3786 de
671 3713 841 3787 Wenden
861 3723 898 3787 et
915 3713 984 3786 Let
986 3721 1043 3785 tos
1062 3713 1108 3785 de
1127 3709 1274 3805 Autine,

179 3812 243 3916 qui
271 3824 359 3885 tunc
383 3823 491 3887 erant
507 3813 544 3886 in
564 3823 666 3887 sorte
686 3813 866 3913 episcopi,
894 3814 939 3887 de
958 3811 1060 3924 agris
1080 3822 1117 3886 et
1135 3809 1276 3884 arbori·

178 3916 250 3985 bus
274 3939 398 4012 apum.
457 3913 504 3986 Et
529 3913 619 3988 lesis
646 3914 879 4028 quibusdam
891 3912 1009 3986 Lettis
1036 3938 1058 3985 a
1084 3910 1276 4025 fratribus,

177 4015 351 4110 pervenit
369 4014 416 4086 ad
434 4013 653 4113 episcopum
673 4013 917 4128 querimonia,
937 4024 975 4089 et
992 4012 1155 4088 surrexit
1172 4012 1277 4083 dom·

178 4137 251 4187 nus
271 4115 472 4214 episcopus
491 4140 578 4188 curn
594 4114 797 4189 venerabili
817 4116 952 4189 domno
971 4114 1144 4227 Philippo
1160 4113 1278 4185 Race·

180 4215 361 4315 burgensi
380 4215 572 4315 episcopo,
591 4225 628 4290 et
642 4217 863 4291 convocavit
880 4216 1016 4289 fratres
1032 4213 1168 4288 milicie
1188 4235 1274 4286 cum
