3104 5012
320 509 532 586 HElNlllCl
558 511 836 589 CHRONlCON
861 514 1113 591 LYVONIAE.
1190 521 1261 596 129

164 711 312 786 balistis
343 721 381 785 et
411 711 538 809 annis,
570 721 780 788 statuentes
810 739 898 789 eum
927 714 967 790 in
996 740 1063 791 ore
1092 715 1260 793 fluminis

164 812 274 885 Dune
293 811 340 884 ad
359 811 647 887 custodiendum
658 825 792 912 portus
810 815 1019 912 introitum,
1045 842 1093 893 ne
1111 816 1262 891 venien·

163 923 223 986 tes
239 910 447 985 Osilie'nses
465 915 705 988 obstruerent
721 915 820 988 sicut
836 927 933 990 ante.
970 917 1119 992 Mortuo
1134 917 1261 1014 itaque
1296 975 1299 986 .

165 1037 256 1112 rege
279 1011 451 1110 pervenit
472 1015 628 1087 verbum
653 1013 690 1087 in
709 1014 880 1111 Osiliam,
907 1016 1020 1088 simul
1047 1028 1085 1090 et
1109 1017 1262 1106 audien·

163 1125 236 1208 tes,
254 1112 468 1186 balistarios
487 1123 526 1187 et
542 1112 644 1187 viros
662 1127 830 1189 armatos
843 1115 951 1192 Dune
970 1127 1120 1214 portum
1138 1127 1262 1190 custo·
1302 1109 1304 1114 ’

165 1214 265 1308 dire,
301 1212 490 1286 Saletsam
525 1214 779 1312 intraverunt,
814 1227 853 1290 et
883 1217 1129 1292 ascendentes
1160 1217 1261 1292 circa

165 1325 344 1412 stagnum
355 1315 585 1411 Astegerwe,
603 1315 712 1388 villas
730 1315 927 1390 Lettorum
944 1317 1260 1415 despoliaverunt,

165 1425 205 1488 et
228 1413 407 1487 mulieres
426 1413 630 1512 capientes,
657 1417 758 1489 viros
784 1417 1064 1491 interfecerunt.
1108 1418 1156 1489 Et
1174 1437 1261 1490 con·

164 1513 313 1614 gregati
341 1523 429 1586 sunt
455 1514 607 1610 quidam
634 1541 679 1590 ex
697 1515 828 1613 Lettis,
854 1517 1096 1614 insequentes
1115 1541 1195 1615 eoS,
1222 1527 1262 1591 et

164 1613 462 1713 comprehensos
488 1616 672 1710 quosdam
696 1615 985 1711 interfecerunt,
1016 1627 1055 1692 et
1085 1617 1181 1691 alios
1213 1619 1260 1690 ad

165 1739 281 1788 naves
304 1714 541 1812 fugaverunt.
591 1715 638 1788 Et
665 1715 769 1790 siluit
786 1717 948 1792 ecclesia
965 1717 1096 1792 diebus
1114 1717 1261 1816 paucis,

164 1840 238 1912 que
257 1824 340 1890 erat
357 1825 581 1914 exspectans
600 1818 802 1890 adventum
821 1817 880 1890 sui
898 1816 1098 1916 pontilicis.

241 2017 371 2088 Annus
396 2025 478 2088 erat
500 2013 677 2089 antistitis
695 2026 852 2090 octavus
875 2016 1054 2090 decimos.
1104 2016 1177 2104 Qui
1204 2037 1363 2126 re-(xx,)

166 2115 234 2186 diit
260 2139 281 2186 a
305 2115 408 2188 curia
434 2114 616 2210 Romana,
643 2127 682 2190 et
706 2117 745 2188 in
763 2116 1018 2215 Hagenowe⁶⁸
1043 2117 1260 2190 consolatus
1272 2123 1352 2181 ¹21⁶·

166 2241 188 2287 a
216 2240 308 2313 rege
333 2215 548 2307 Frederico,
578 2240 753 2291 reversus
784 2228 843 2290 est
872 2217 909 2289 in
935 2217 1141 2312 Lyvoniarn
1173 2242 1259 2290 cum

167 2316 345 2414 episcopo
363 2314 595 2389 Theoderico
609 2315 785 2408 Estiensi,
812 2327 953 2391 etcum
973 2318 1056 2390 aliis
1076 2317 1260 2414 fidelibus,

166 2416 347 2488 militibus
383 2425 422 2489 et
447 2415 675 2515 peregrinis,
707 2427 744 2490 et
776 2417 918 2490 invenit
946 2417 985 2489 in
1011 2417 1260 2491 Dunemunde

164 2517 267 2589 viros
294 2539 385 2589 suos
408 2526 560 2612 portum
586 2515 854 2613 custodientes,
878 2531 916 2590 et
933 2517 1142 2590 retulerunt
1161 2517 1194 2590 ei
1214 2519 1261 2590 de

167 2615 465 2714 expeditionibus
493 2617 572 2689 suis
591 2615 628 2688 in
651 2615 817 2712 Estonia,
843 2641 1005 2690 necnon
1025 2618 1122 2690 etde
1140 2627 1261 2690 morte

165 2718 281 2815 regie,
310 2727 347 2789 et
365 2716 527 2813 qualiter
546 2717 731 2790 consolati
756 2717 899 2814 suntin
918 2717 1092 2790 omnibus
1109 2717 1262 2790 tribula-

165 2817 331 2890 tionibus
357 2816 447 2888 suis.
496 2816 541 2889 Et
567 2818 708 2890 lactum
734 2827 793 2890 est
816 2817 996 2915 gaudium
1021 2817 1058 2889 in
1086 2817 1259 2914 ecclesia,

165 2928 247 2989 tarn
264 2917 309 2990 de
328 2918 489 2989 adventu
507 2917 708 3014 pontilicis,
736 2942 848 3014 quarn
876 2918 921 2990 de
944 2916 1166 2991 liberatione
1191 2941 1262 2990 sua

167 3043 189 3092 a
208 3017 391 3090 lluthenis
410 3041 454 3089 ac
472 3017 557 3090 aliis
574 3018 759 3115 gentibus.

244 3118 290 3189 Et
313 3127 400 3215 post
422 3118 493 3191 hec
517 3127 775 3192 convenerunt
791 3117 957 3216 episcopi
977 3142 1064 3190 curn
1082 3115 1259 3189 iratribus
1270 3131 1322 3216 (2.)

168 3217 321 3315 milicie,
345 3216 528 3291 facientes
554 3218 776 3292 divisionem
802 3219 988 3315 quandam
1014 3241 1128 3315 super
1154 3217 1262 3288 Esto·

168 3318 243 3415 nia,
271 3343 343 3415 que
367 3317 465 3390 sicut
483 3328 614 3416 postea
637 3318 708 3390 luit
724 3317 921 3410 instabilis,
948 3316 1004 3389 sic
1020 3342 1105 3390 earn
1125 3314 1262 3389 descri-

168 3421 258 3492 bere
276 3417 406 3490 inutile
424 3419 607 3516 reputavi.
644 3417 744 3505 Quin
759 3417 890 3515 pocius
905 3417 1043 3512 dicam,
1058 3416 1157 3512 quod
1173 3439 1261 3487 con·

167 3528 353 3592 venerunt
369 3518 506 3591 iterum
526 3518 708 3616 Rigenses
730 3541 817 3590 cum
840 3516 1054 3611 Lyvonibus
1074 3527 1112 3588 et
1128 3514 1260 3612 Lettis,

169 3629 208 3692 et
234 3620 416 3718 magister
441 3617 646 3715 Volquinus
672 3642 759 3691 cum
786 3617 962 3690 fratribus
989 3615 1068 3688 suis
1093 3625 1131 3689 et
1156 3639 1264 3712 pere·

169 3717 300 3817 grinis,
327 3717 441 3792 simul
460 3729 497 3792 et
515 3717 767 3792 Theodericus
793 3740 879 3790 cum
907 3715 997 3789 viris
1016 3714 1197 3813 episcopi,
1224 3725 1262 3787 et

168 3821 317 3894 iverunt
334 3843 420 3892 cum
439 3817 619 3913 exercitu,
647 3816 804 3916 pacifice
822 3827 981 3910 tantum,
1007 3815 1044 3887 in
1063 3814 1262 3888 Saocalam

71 3985 83 4000 ,
168 3921 245 3992 iam
273 3919 520 4017 baptizatam,
551 3927 803 3993 convocantes
828 3918 874 3989 ad
902 3941 945 3991 se
970 3914 1141 3991 seniores
1167 3914 1265 3989 eius·

169 4020 257 4094 dem
271 4019 474 4118 provincie,
493 4043 653 4116 quorum
667 4016 825 4092 consilio
840 4016 1094 4116 procedebant
1107 4017 1152 4088 ad
1167 4015 1263 4089 alios

170 4172 216 4243 68)
236 4173 276 4226 lbi
296 4171 451 4226 Frideriouo
470 4171 506 4226 ll.
526 4173 599 4242 degit
624 4189 719 4227 mense
737 4169 864 4225 Ianuario
884 4181 910 4226 et
928 4188 964 4225 m.
982 4169 1081 4226 Martio
1102 4171 1128 4224 d.
1146 4169 1198 4234 203
1227 4167 1264 4222 cl.

170 4245 288 4316 Regesta
307 4244 436 4300 Bo'bmeri
455 4264 481 4317 p.
494 4244 540 4299 86.
