<?xml version="1.0" encoding="UTF-8"?>
<!DOCTYPE html PUBLIC "-//W3C//DTD XHTML 1.0 Transitional//EN"
    "http://www.w3.org/TR/xhtml1/DTD/xhtml1-transitional.dtd">
<html xmlns="http://www.w3.org/1999/xhtml" xml:lang="en" lang="en">
 <head>
  <title>
</title>
<meta http-equiv="Content-Type" content="text/html;charset=utf-8" />
  <meta name='ocr-system' content='tesseract 3.04.00' />
  <meta name='ocr-capabilities' content='ocr_page ocr_carea ocr_par ocr_line ocrx_word'/>
</head>
<body>
  <div class='ocr_page' id='page_1' title='image "./heinricichronic00arndgoog_0090.png"; bbox 0 0 3016 5016; ppageno 0'>
   <div class='ocr_carea' id='block_1_1' title="bbox 311 419 1255 496">
    <p class='ocr_par' dir='ltr' id='par_1_1' title="bbox 311 419 1255 496">
     <span class='ocr_line' id='line_1_1' title="bbox 311 419 1255 496; baseline -0.002 0"><span class='ocrx_word' id='word_1_1' title='bbox 311 422 358 496; x_wconf 85' lang='lat'>62</span> <span class='ocrx_word' id='word_1_2' title='bbox 456 420 670 494; x_wconf 83' lang='lat' dir='ltr'>HElNlllCl</span> <span class='ocrx_word' id='word_1_3' title='bbox 699 419 978 495; x_wconf 86' lang='lat' dir='ltr'>CHRONlCON</span> <span class='ocrx_word' id='word_1_4' title='bbox 1004 419 1255 495; x_wconf 84' lang='lat' dir='ltr'>LYVONlAE.</span> 
     </span>
    </p>
   </div>
   <div class='ocr_carea' id='block_1_2' title="bbox 233 620 1507 4228">
    <p class='ocr_par' dir='ltr' id='par_1_2' title="bbox 310 620 1411 920">
     <span class='ocr_line' id='line_1_2' title="bbox 310 620 1411 721; baseline 0.005 -29"><span class='ocrx_word' id='word_1_5' title='bbox 310 620 468 693; x_wconf 91' lang='lat' dir='ltr'>busdam</span> <span class='ocrx_word' id='word_1_6' title='bbox 494 620 577 693; x_wconf 91' lang='lat' dir='ltr'>aliis</span> <span class='ocrx_word' id='word_1_7' title='bbox 603 620 781 694; x_wconf 83' lang='lat' dir='ltr'>fratribus</span> <span class='ocrx_word' id='word_1_8' title='bbox 809 645 853 694; x_wconf 90' lang='lat' dir='ltr'>ac</span> <span class='ocrx_word' id='word_1_9' title='bbox 878 620 1016 717; x_wconf 85' lang='lat' dir='ltr'>servis,</span> <span class='ocrx_word' id='word_1_10' title='bbox 1041 621 1198 696; x_wconf 86' lang='lat' dir='ltr'>fratrem</span> <span class='ocrx_word' id='word_1_11' title='bbox 1224 634 1411 721; x_wconf 87' lang='lat' dir='ltr'>tanquam</span> 
     </span>
     <span class='ocr_line' id='line_1_3' title="bbox 310 719 1407 824; baseline 0.005 -32"><span class='ocrx_word' id='word_1_12' title='bbox 310 719 510 818; x_wconf 87' lang='lat' dir='ltr'>fugitivum</span> <span class='ocrx_word' id='word_1_13' title='bbox 530 731 813 819; x_wconf 75' lang='lat' dir='ltr'>persequentes,</span> <span class='ocrx_word' id='word_1_14' title='bbox 841 721 878 793; x_wconf 93' lang='lat' dir='ltr'>in</span> <span class='ocrx_word' id='word_1_15' title='bbox 897 721 1051 794; x_wconf 90' lang='lat' dir='ltr'>Idumea</span> <span class='ocrx_word' id='word_1_16' title='bbox 1070 723 1407 824; x_wconf 88' lang='lat' dir='ltr'>comprehendunt,</span> 
     </span>
     <span class='ocr_line' id='line_1_4' title="bbox 312 819 1405 920; baseline 0.004 -26"><span class='ocrx_word' id='word_1_17' title='bbox 312 831 350 894; x_wconf 91' lang='lat' dir='ltr'>et</span> <span class='ocrx_word' id='word_1_18' title='bbox 382 821 419 892; x_wconf 93' lang='lat' dir='ltr'>in</span> <span class='ocrx_word' id='word_1_19' title='bbox 447 822 616 896; x_wconf 91' lang='lat' dir='ltr'>Wenden</span> <span class='ocrx_word' id='word_1_20' title='bbox 647 822 870 895; x_wconf 81' lang='lat' dir='ltr'>reducentes</span> <span class='ocrx_word' id='word_1_21' title='bbox 907 821 945 893; x_wconf 90' lang='lat' dir='ltr'>iu</span> <span class='ocrx_word' id='word_1_22' title='bbox 972 819 1120 894; x_wconf 89' lang='lat' dir='ltr'>vincula</span> <span class='ocrx_word' id='word_1_23' title='bbox 1152 823 1405 920; x_wconf 89' lang='lat' dir='ltr'>proiecerunt.</span> 
     </span>
    </p>

    <p class='ocr_par' dir='ltr' id='par_1_3' title="bbox 233 920 1504 2100">
     <span class='ocr_line' id='line_1_5' title="bbox 233 920 1406 1020; baseline 0.006 -28"><span class='ocrx_word' id='word_1_24' title='bbox 233 921 237 929; x_wconf 80' lang='grc'><strong>’</strong></span> <span class='ocrx_word' id='word_1_25' title='bbox 312 920 384 1008; x_wconf 83' lang='lat' dir='ltr'>Qui</span> <span class='ocrx_word' id='word_1_26' title='bbox 399 921 523 994; x_wconf 88' lang='lat' dir='ltr'>audito</span> <span class='ocrx_word' id='word_1_27' title='bbox 542 924 703 995; x_wconf 90' lang='lat' dir='ltr'>adventu</span> <span class='ocrx_word' id='word_1_28' title='bbox 723 921 891 1020; x_wconf 86' lang='lat' dir='ltr'>episcopi</span> <span class='ocrx_word' id='word_1_29' title='bbox 910 921 1068 1020; x_wconf 88' lang='lat' dir='ltr'>rogavit,</span> <span class='ocrx_word' id='word_1_30' title='bbox 1088 932 1129 995; x_wconf 91' lang='lat' dir='ltr'>ut</span> <span class='ocrx_word' id='word_1_31' title='bbox 1147 924 1406 1000; x_wconf 85' lang='lat' dir='ltr'>absolveretur</span> 
     </span>
     <span class='ocr_line' id='line_1_6' title="bbox 311 1020 1406 1125; baseline 0.003 -30"><span class='ocrx_word' id='word_1_32' title='bbox 311 1029 349 1095; x_wconf 92' lang='lat' dir='ltr'>et</span> <span class='ocrx_word' id='word_1_33' title='bbox 375 1020 511 1119; x_wconf 90' lang='lat' dir='ltr'>Rigam</span> <span class='ocrx_word' id='word_1_34' title='bbox 537 1022 659 1096; x_wconf 90' lang='lat' dir='ltr'>redire</span> <span class='ocrx_word' id='word_1_35' title='bbox 686 1021 983 1121; x_wconf 70' lang='lat' dir='ltr'>permitteretur,</span> <span class='ocrx_word' id='word_1_36' title='bbox 1010 1022 1234 1121; x_wconf 89' lang='lat' dir='ltr'>promittens</span> <span class='ocrx_word' id='word_1_37' title='bbox 1262 1049 1303 1099; x_wconf 96' lang='lat' dir='ltr'>se</span> <span class='ocrx_word' id='word_1_38' title='bbox 1329 1027 1406 1125; x_wconf 90' lang='lat' dir='ltr'>epi·</span> 
     </span>
     <span class='ocr_line' id='line_1_7' title="bbox 311 1121 1483 1223; baseline 0.004 -29"><span class='ocrx_word' id='word_1_39' title='bbox 311 1145 425 1220; x_wconf 92' lang='lat' dir='ltr'>scopo</span> <span class='ocrx_word' id='word_1_40' title='bbox 446 1132 483 1196; x_wconf 89' lang='lat' dir='ltr'>et</span> <span class='ocrx_word' id='word_1_41' title='bbox 500 1122 678 1195; x_wconf 82' lang='lat' dir='ltr'>fratribus</span> <span class='ocrx_word' id='word_1_42' title='bbox 698 1122 860 1196; x_wconf 91' lang='lat' dir='ltr'>obedire.</span> <span class='ocrx_word' id='word_1_43' title='bbox 913 1121 1064 1196; x_wconf 86' lang='lat' dir='ltr'>Fratres</span> <span class='ocrx_word' id='word_1_44' title='bbox 1089 1133 1215 1198; x_wconf 90' lang='lat' dir='ltr'>autem</span> <span class='ocrx_word' id='word_1_45' title='bbox 1241 1127 1407 1223; x_wconf 89' lang='lat' dir='ltr'>gauden·</span> <span class='ocrx_word' id='word_1_46' title='bbox 1478 1199 1483 1211; x_wconf 76' lang='grc'>,</span> 
     </span>
     <span class='ocr_line' id='line_1_8' title="bbox 309 1221 1406 1321; baseline 0.005 -27"><span class='ocrx_word' id='word_1_47' title='bbox 309 1232 381 1317; x_wconf 90' lang='lat' dir='ltr'>tes,</span> <span class='ocrx_word' id='word_1_48' title='bbox 396 1233 433 1296; x_wconf 92' lang='lat' dir='ltr'>et</span> <span class='ocrx_word' id='word_1_49' title='bbox 447 1232 535 1320; x_wconf 90' lang='lat' dir='ltr'>post</span> <span class='ocrx_word' id='word_1_50' title='bbox 548 1221 817 1296; x_wconf 83' lang='lat' dir='ltr'>adversitatum</span> <span class='ocrx_word' id='word_1_51' title='bbox 829 1221 1079 1320; x_wconf 89' lang='lat' dir='ltr'>incommoda,</span> <span class='ocrx_word' id='word_1_52' title='bbox 1094 1233 1274 1321; x_wconf 89' lang='lat' dir='ltr'>tanquam</span> <span class='ocrx_word' id='word_1_53' title='bbox 1284 1225 1406 1300; x_wconf 86' lang='lat' dir='ltr'>lilium</span> 
     </span>
     <span class='ocr_line' id='line_1_9' title="bbox 310 1320 1501 1423; baseline 0.005 -30"><span class='ocrx_word' id='word_1_54' title='bbox 310 1322 522 1420; x_wconf 88' lang='lat' dir='ltr'>prodigum,</span> <span class='ocrx_word' id='word_1_55' title='bbox 548 1323 704 1395; x_wconf 84' lang='lat' dir='ltr'>fratrem</span> <span class='ocrx_word' id='word_1_56' title='bbox 724 1345 834 1395; x_wconf 90' lang='lat' dir='ltr'>suum</span> <span class='ocrx_word' id='word_1_57' title='bbox 853 1320 1076 1420; x_wconf 87' lang='lat' dir='ltr'>resipiscere</span> <span class='ocrx_word' id='word_1_58' title='bbox 1103 1334 1313 1423; x_wconf 71' lang='lat' dir='ltr'>sperantes,</span> <span class='ocrx_word' id='word_1_59' title='bbox 1339 1328 1405 1399; x_wconf 92' lang='lat' dir='ltr'>ho·</span> <span class='ocrx_word' id='word_1_60' title='bbox 1499 1372 1501 1377; x_wconf 24' lang='grc' dir='ltr'>κ</span> 
     </span>
     <span class='ocr_line' id='line_1_10' title="bbox 310 1421 1409 1520; baseline 0.006 -27"><span class='ocrx_word' id='word_1_61' title='bbox 310 1421 466 1495; x_wconf 84' lang='lat' dir='ltr'>novifice</span> <span class='ocrx_word' id='word_1_62' title='bbox 481 1421 614 1520; x_wconf 86' lang='lat' dir='ltr'>Rigam</span> <span class='ocrx_word' id='word_1_63' title='bbox 633 1421 828 1495; x_wconf 90' lang='lat' dir='ltr'>remittunt</span> <span class='ocrx_word' id='word_1_64' title='bbox 846 1431 883 1495; x_wconf 92' lang='lat' dir='ltr'>et</span> <span class='ocrx_word' id='word_1_65' title='bbox 901 1421 1073 1496; x_wconf 84' lang='lat' dir='ltr'>societati</span> <span class='ocrx_word' id='word_1_66' title='bbox 1087 1423 1299 1498; x_wconf 82' lang='lat' dir='ltr'>restituunt</span> <span class='ocrx_word' id='word_1_67' title='bbox 1336 1426 1409 1501; x_wconf 89' lang='lat' dir='ltr'>Ille</span> 
     </span>
     <span class='ocr_line' id='line_1_11' title="bbox 308 1520 1504 1618; baseline 0.007 -26"><span class='ocrx_word' id='word_1_68' title='bbox 308 1545 399 1593; x_wconf 91' lang='lat' dir='ltr'>vero</span> <span class='ocrx_word' id='word_1_69' title='bbox 424 1531 618 1618; x_wconf 91' lang='lat' dir='ltr'>tamquam</span> <span class='ocrx_word' id='word_1_70' title='bbox 637 1520 748 1594; x_wconf 87' lang='lat' dir='ltr'>ludas</span> <span class='ocrx_word' id='word_1_71' title='bbox 766 1521 863 1594; x_wconf 84' lang='lat' dir='ltr'>inter</span> <span class='ocrx_word' id='word_1_72' title='bbox 881 1520 1016 1595; x_wconf 89' lang='lat' dir='ltr'>fratres</span> <span class='ocrx_word' id='word_1_73' title='bbox 1036 1524 1083 1594; x_wconf 93' lang='lat' dir='ltr'>ad</span> <span class='ocrx_word' id='word_1_74' title='bbox 1101 1524 1292 1597; x_wconf 90' lang='lat' dir='ltr'>modicum</span> <span class='ocrx_word' id='word_1_75' title='bbox 1312 1536 1409 1600; x_wconf 83' lang='lat' dir='ltr'>tem·</span> <span class='ocrx_word' id='word_1_76' title='bbox 1503 1568 1504 1571; x_wconf 17' lang='grc' dir='ltr'>π</span> 
     </span>
     <span class='ocr_line' id='line_1_12' title="bbox 310 1621 1408 1726; baseline 0.005 -33"><span class='ocrx_word' id='word_1_77' title='bbox 310 1645 382 1719; x_wconf 89' lang='lat' dir='ltr'>pus</span> <span class='ocrx_word' id='word_1_78' title='bbox 401 1632 658 1717; x_wconf 89' lang='lat' dir='ltr'>conversatus,</span> <span class='ocrx_word' id='word_1_79' title='bbox 685 1621 764 1695; x_wconf 88' lang='lat' dir='ltr'>sive</span> <span class='ocrx_word' id='word_1_80' title='bbox 789 1632 984 1718; x_wconf 88' lang='lat' dir='ltr'>tamquam</span> <span class='ocrx_word' id='word_1_81' title='bbox 1007 1623 1120 1720; x_wconf 91' lang='lat' dir='ltr'>lupus</span> <span class='ocrx_word' id='word_1_82' title='bbox 1145 1622 1242 1698; x_wconf 91' lang='lat' dir='ltr'>inter</span> <span class='ocrx_word' id='word_1_83' title='bbox 1270 1651 1408 1726; x_wconf 84' lang='lat' dir='ltr'>agnos,</span> 
     </span>
     <span class='ocr_line' id='line_1_13' title="bbox 309 1721 1406 1825; baseline 0.001 -32"><span class='ocrx_word' id='word_1_84' title='bbox 309 1721 451 1794; x_wconf 88' lang='lat' dir='ltr'>fraudis</span> <span class='ocrx_word' id='word_1_85' title='bbox 467 1745 534 1794; x_wconf 89' lang='lat' dir='ltr'>sue</span> <span class='ocrx_word' id='word_1_86' title='bbox 548 1721 676 1795; x_wconf 86' lang='lat' dir='ltr'>fictam</span> <span class='ocrx_word' id='word_1_87' title='bbox 687 1721 957 1795; x_wconf 88' lang='lat' dir='ltr'>conscientiam</span> <span class='ocrx_word' id='word_1_88' title='bbox 967 1721 1205 1798; x_wconf 90' lang='lat' dir='ltr'>dissimulare</span> <span class='ocrx_word' id='word_1_89' title='bbox 1215 1727 1406 1825; x_wconf 89' lang='lat' dir='ltr'>nesciens,</span> 
     </span>
     <span class='ocr_line' id='line_1_14' title="bbox 310 1822 1408 1920; baseline 0.006 -27"><span class='ocrx_word' id='word_1_90' title='bbox 310 1822 409 1895; x_wconf 90' lang='lat' dir='ltr'>diem</span> <span class='ocrx_word' id='word_1_91' title='bbox 429 1831 657 1920; x_wconf 90' lang='lat' dir='ltr'>oportunum</span> <span class='ocrx_word' id='word_1_92' title='bbox 676 1822 930 1918; x_wconf 88' lang='lat' dir='ltr'>exspectabat,</span> <span class='ocrx_word' id='word_1_93' title='bbox 951 1824 1097 1918; x_wconf 89' lang='lat' dir='ltr'>quando</span> <span class='ocrx_word' id='word_1_94' title='bbox 1115 1825 1238 1897; x_wconf 88' lang='lat' dir='ltr'>cordis</span> <span class='ocrx_word' id='word_1_95' title='bbox 1252 1827 1311 1898; x_wconf 91' lang='lat' dir='ltr'>sui</span> <span class='ocrx_word' id='word_1_96' title='bbox 1326 1851 1408 1900; x_wconf 82' lang='lat' dir='ltr'>ma·</span> 
     </span>
     <span class='ocr_line' id='line_1_15' title="bbox 307 1921 1407 2026; baseline 0.005 -32"><span class='ocrx_word' id='word_1_97' title='bbox 307 1922 436 1996; x_wconf 86' lang='lat' dir='ltr'>liciam</span> <span class='ocrx_word' id='word_1_98' title='bbox 463 1922 696 2020; x_wconf 91' lang='lat' dir='ltr'>adimpleret.</span> <span class='ocrx_word' id='word_1_99' title='bbox 740 1921 788 1994; x_wconf 82' lang='lat' dir='ltr'>Et</span> <span class='ocrx_word' id='word_1_100' title='bbox 814 1922 956 1994; x_wconf 84' lang='lat' dir='ltr'>factum</span> <span class='ocrx_word' id='word_1_101' title='bbox 980 1923 1098 1995; x_wconf 88' lang='lat' dir='ltr'>estin</span> <span class='ocrx_word' id='word_1_102' title='bbox 1124 1924 1184 1997; x_wconf 90' lang='lat' dir='ltr'>die</span> <span class='ocrx_word' id='word_1_103' title='bbox 1195 1926 1407 2026; x_wconf 82' lang='lat' dir='ltr'>solempni,</span> 
     </span>
     <span class='ocr_line' id='line_1_16' title="bbox 310 2021 1400 2100; baseline 0 -2"><span class='ocrx_word' id='word_1_104' title='bbox 310 2022 484 2098; x_wconf 90' lang='lat' dir='ltr'>euntibus</span> <span class='ocrx_word' id='word_1_105' title='bbox 516 2022 651 2096; x_wconf 89' lang='lat' dir='ltr'>ceteris</span> <span class='ocrx_word' id='word_1_106' title='bbox 684 2021 862 2094; x_wconf 89' lang='lat' dir='ltr'>fratribus</span> <span class='ocrx_word' id='word_1_107' title='bbox 889 2046 976 2094; x_wconf 91' lang='lat' dir='ltr'>cum</span> <span class='ocrx_word' id='word_1_108' title='bbox 1003 2021 1086 2095; x_wconf 91' lang='lat' dir='ltr'>aliis</span> <span class='ocrx_word' id='word_1_109' title='bbox 1113 2023 1327 2099; x_wconf 91' lang='lat' dir='ltr'>hominibus</span> <span class='ocrx_word' id='word_1_110' title='bbox 1355 2029 1400 2100; x_wconf 93' lang='lat' dir='ltr'>ad</span> 
     </span>
    </p>

    <p class='ocr_par' dir='ltr' id='par_1_4' title="bbox 234 2122 1507 4023">
     <span class='ocr_line' id='line_1_17' title="bbox 234 2122 1401 2224; baseline 0.004 -29"><span class='ocrx_word' id='word_1_111' title='bbox 234 2206 236 2210; x_wconf 16' lang='lat'><strong><em>¹</em></strong></span> <span class='ocrx_word' id='word_1_112' title='bbox 308 2122 593 2218; x_wconf 87' lang='lat' dir='ltr'>monasterium,</span> <span class='ocrx_word' id='word_1_113' title='bbox 609 2123 691 2220; x_wconf 90' lang='lat' dir='ltr'>ipse</span> <span class='ocrx_word' id='word_1_114' title='bbox 704 2122 868 2217; x_wconf 87' lang='lat' dir='ltr'>interim,</span> <span class='ocrx_word' id='word_1_115' title='bbox 886 2131 1091 2195; x_wconf 88' lang='lat' dir='ltr'>convocato</span> <span class='ocrx_word' id='word_1_116' title='bbox 1107 2125 1152 2195; x_wconf 94' lang='lat' dir='ltr'>ad</span> <span class='ocrx_word' id='word_1_117' title='bbox 1167 2127 1401 2224; x_wconf 88' lang='lat' dir='ltr'>semagistro</span> 
     </span>
     <span class='ocr_line' id='line_1_18' title="bbox 308 2221 1406 2320; baseline 0.005 -25"><span class='ocrx_word' id='word_1_118' title='bbox 308 2223 449 2296; x_wconf 91' lang='lat' dir='ltr'>milicie</span> <span class='ocrx_word' id='word_1_119' title='bbox 477 2233 514 2297; x_wconf 91' lang='lat' dir='ltr'>et</span> <span class='ocrx_word' id='word_1_120' title='bbox 540 2222 707 2295; x_wconf 89' lang='lat' dir='ltr'>Iohanne</span> <span class='ocrx_word' id='word_1_121' title='bbox 725 2223 932 2296; x_wconf 87' lang='lat' dir='ltr'>sacerdote</span> <span class='ocrx_word' id='word_1_122' title='bbox 951 2221 1132 2320; x_wconf 90' lang='lat' dir='ltr'>ipsorum,</span> <span class='ocrx_word' id='word_1_123' title='bbox 1159 2235 1307 2299; x_wconf 90' lang='lat' dir='ltr'>secreta</span> <span class='ocrx_word' id='word_1_124' title='bbox 1333 2248 1406 2300; x_wconf 88' lang='lat' dir='ltr'>sua</span> 
     </span>
     <span class='ocr_line' id='line_1_19' title="bbox 308 2321 1406 2421; baseline 0.002 -24"><span class='ocrx_word' id='word_1_125' title='bbox 308 2324 363 2398; x_wconf 91' lang='lat' dir='ltr'>eis</span> <span class='ocrx_word' id='word_1_126' title='bbox 383 2324 529 2421; x_wconf 90' lang='lat' dir='ltr'>aperire</span> <span class='ocrx_word' id='word_1_127' title='bbox 548 2346 776 2421; x_wconf 78' lang='lat' dir='ltr'>proponenS,</span> <span class='ocrx_word' id='word_1_128' title='bbox 796 2321 1037 2419; x_wconf 82' lang='lat' dir='ltr'>insuperiori</span> <span class='ocrx_word' id='word_1_129' title='bbox 1057 2324 1168 2396; x_wconf 89' lang='lat' dir='ltr'>domo</span> <span class='ocrx_word' id='word_1_130' title='bbox 1188 2349 1257 2398; x_wconf 90' lang='lat' dir='ltr'>sua</span> <span class='ocrx_word' id='word_1_131' title='bbox 1276 2327 1406 2400; x_wconf 87' lang='lat' dir='ltr'>subito</span> 
     </span>
     <span class='ocr_line' id='line_1_20' title="bbox 308 2423 1407 2525; baseline 0.002 -29"><span class='ocrx_word' id='word_1_132' title='bbox 308 2423 471 2522; x_wconf 92' lang='lat' dir='ltr'>bipenni,</span> <span class='ocrx_word' id='word_1_133' title='bbox 492 2447 604 2520; x_wconf 88' lang='lat' dir='ltr'>quam</span> <span class='ocrx_word' id='word_1_134' title='bbox 624 2446 775 2521; x_wconf 88' lang='lat' dir='ltr'>semper</span> <span class='ocrx_word' id='word_1_135' title='bbox 793 2446 923 2496; x_wconf 90' lang='lat' dir='ltr'>secum</span> <span class='ocrx_word' id='word_1_136' title='bbox 942 2433 1094 2520; x_wconf 86' lang='lat' dir='ltr'>portare</span> <span class='ocrx_word' id='word_1_137' title='bbox 1113 2423 1272 2522; x_wconf 91' lang='lat' dir='ltr'>solebat,</span> <span class='ocrx_word' id='word_1_138' title='bbox 1287 2437 1407 2525; x_wconf 89' lang='lat' dir='ltr'>caput.</span> 
     </span>
     <span class='ocr_line' id='line_1_21' title="bbox 306 2523 1405 2624; baseline 0.003 -28"><span class='ocrx_word' id='word_1_139' title='bbox 306 2524 480 2624; x_wconf 83' lang='lat' dir='ltr'>magistri</span> <span class='ocrx_word' id='word_1_140' title='bbox 499 2523 635 2621; x_wconf 90' lang='lat' dir='ltr'>tetigit,</span> <span class='ocrx_word' id='word_1_141' title='bbox 663 2533 701 2596; x_wconf 91' lang='lat' dir='ltr'>et</span> <span class='ocrx_word' id='word_1_142' title='bbox 725 2524 960 2597; x_wconf 91' lang='lat' dir='ltr'>sacerdotem</span> <span class='ocrx_word' id='word_1_143' title='bbox 980 2523 1092 2595; x_wconf 91' lang='lat' dir='ltr'>simul</span> <span class='ocrx_word' id='word_1_144' title='bbox 1111 2548 1195 2596; x_wconf 91' lang='lat' dir='ltr'>cum</span> <span class='ocrx_word' id='word_1_145' title='bbox 1215 2527 1405 2624; x_wconf 87' lang='lat' dir='ltr'>magistro</span> 
     </span>
     <span class='ocr_line' id='line_1_22' title="bbox 307 2621 1406 2705; baseline 0 -10"><span class='ocrx_word' id='word_1_146' title='bbox 307 2625 344 2696; x_wconf 93' lang='lat' dir='ltr'>in</span> <span class='ocrx_word' id='word_1_147' title='bbox 373 2625 507 2698; x_wconf 91' lang='lat' dir='ltr'>eodem</span> <span class='ocrx_word' id='word_1_148' title='bbox 531 2625 616 2696; x_wconf 92' lang='lat' dir='ltr'>loco</span> <span class='ocrx_word' id='word_1_149' title='bbox 643 2621 844 2695; x_wconf 91' lang='lat' dir='ltr'>trucidavit</span> <span class='ocrx_word' id='word_1_150' title='bbox 874 2632 912 2696; x_wconf 88' lang='lat' dir='ltr'>et</span> <span class='ocrx_word' id='word_1_151' title='bbox 937 2621 1136 2697; x_wconf 81' lang='lat' dir='ltr'>interfecit.</span> <span class='ocrx_word' id='word_1_152' title='bbox 1189 2625 1236 2696; x_wconf 84' lang='lat' dir='ltr'>Et</span> <span class='ocrx_word' id='word_1_153' title='bbox 1265 2639 1406 2705; x_wconf 87' lang='lat' dir='ltr'>notum.</span> 
     </span>
     <span class='ocr_line' id='line_1_23' title="bbox 304 2721 1507 2820; baseline 0.002 -23"><span class='ocrx_word' id='word_1_154' title='bbox 304 2726 448 2798; x_wconf 85' lang='lat' dir='ltr'>factum</span> <span class='ocrx_word' id='word_1_155' title='bbox 475 2733 533 2797; x_wconf 89' lang='lat' dir='ltr'>est</span> <span class='ocrx_word' id='word_1_156' title='bbox 560 2722 643 2795; x_wconf 90' lang='lat' dir='ltr'>aliis</span> <span class='ocrx_word' id='word_1_157' title='bbox 667 2721 844 2796; x_wconf 85' lang='lat' dir='ltr'>fratribus</span> <span class='ocrx_word' id='word_1_158' title='bbox 863 2731 901 2796; x_wconf 89' lang='lat' dir='ltr'>et</span> <span class='ocrx_word' id='word_1_159' title='bbox 917 2721 1123 2820; x_wconf 85' lang='lat' dir='ltr'>fugientem</span> <span class='ocrx_word' id='word_1_160' title='bbox 1143 2749 1229 2797; x_wconf 90' lang='lat' dir='ltr'>eum</span> <span class='ocrx_word' id='word_1_161' title='bbox 1249 2727 1408 2800; x_wconf 84' lang='lat' dir='ltr'>adorno</span> <span class='ocrx_word' id='word_1_162' title='bbox 1506 2765 1507 2768; x_wconf 35' lang='lat'>¹</span> 
     </span>
     <span class='ocr_line' id='line_1_24' title="bbox 304 2823 1406 2926; baseline 0.003 -29"><span class='ocrx_word' id='word_1_163' title='bbox 304 2825 343 2897; x_wconf 91' lang='lat' dir='ltr'>in</span> <span class='ocrx_word' id='word_1_164' title='bbox 369 2825 554 2926; x_wconf 72' lang='lat' dir='ltr'>capellam</span> <span class='ocrx_word' id='word_1_165' title='bbox 585 2832 880 2920; x_wconf 87' lang='lat' dir='ltr'>persequuntur,</span> <span class='ocrx_word' id='word_1_166' title='bbox 917 2832 954 2896; x_wconf 90' lang='lat' dir='ltr'>et</span> <span class='ocrx_word' id='word_1_167' title='bbox 983 2823 1300 2920; x_wconf 90' lang='lat' dir='ltr'>comprehensum</span> <span class='ocrx_word' id='word_1_168' title='bbox 1331 2852 1406 2926; x_wconf 84' lang='lat' dir='ltr'>per</span> 
     </span>
     <span class='ocr_line' id='line_1_25' title="bbox 305 2921 1400 3019; baseline 0.002 -21"><span class='ocrx_word' id='word_1_169' title='bbox 305 2925 413 2999; x_wconf 89' lang='lat' dir='ltr'>civile</span> <span class='ocrx_word' id='word_1_170' title='bbox 432 2922 622 3019; x_wconf 91' lang='lat' dir='ltr'>iudicium,</span> <span class='ocrx_word' id='word_1_171' title='bbox 640 2921 739 2995; x_wconf 90' lang='lat' dir='ltr'>sicut</span> <span class='ocrx_word' id='word_1_172' title='bbox 756 2931 959 3017; x_wconf 88' lang='lat' dir='ltr'>meruerat,</span> <span class='ocrx_word' id='word_1_173' title='bbox 985 2923 1126 3014; x_wconf 85' lang='lat' dir='ltr'>crudeli</span> <span class='ocrx_word' id='word_1_174' title='bbox 1144 2935 1267 3000; x_wconf 89' lang='lat' dir='ltr'>morte</span> <span class='ocrx_word' id='word_1_175' title='bbox 1286 2926 1400 3001; x_wconf 91' lang='lat' dir='ltr'>inter-</span> 
     </span>
     <span class='ocr_line' id='line_1_26' title="bbox 305 3022 1405 3121; baseline 0.001 -22"><span class='ocrx_word' id='word_1_176' title='bbox 305 3033 487 3099; x_wconf 87' lang='lat' dir='ltr'>emerunt.</span> <span class='ocrx_word' id='word_1_177' title='bbox 536 3023 583 3094; x_wconf 91' lang='lat' dir='ltr'>Et</span> <span class='ocrx_word' id='word_1_178' title='bbox 606 3022 755 3120; x_wconf 91' lang='lat' dir='ltr'>sepulto</span> <span class='ocrx_word' id='word_1_179' title='bbox 782 3025 1034 3120; x_wconf 84' lang='lat' dir='ltr'>cummagno</span> <span class='ocrx_word' id='word_1_180' title='bbox 1060 3023 1214 3121; x_wconf 90' lang='lat' dir='ltr'>planctu</span> <span class='ocrx_word' id='word_1_181' title='bbox 1231 3025 1333 3100; x_wconf 86' lang='lat' dir='ltr'>fideli</span> <span class='ocrx_word' id='word_1_182' title='bbox 1353 3051 1405 3100; x_wconf 80' lang='lat' dir='ltr'>ao</span> 
     </span>
     <span class='ocr_line' id='line_1_27' title="bbox 303 3123 1400 3223; baseline -0.001 -28"><span class='ocrx_word' id='word_1_183' title='bbox 303 3125 366 3223; x_wconf 94' lang='lat' dir='ltr'>pio</span> <span class='ocrx_word' id='word_1_184' title='bbox 385 3123 568 3222; x_wconf 89' lang='lat' dir='ltr'>magistro</span> <span class='ocrx_word' id='word_1_185' title='bbox 588 3147 657 3196; x_wconf 91' lang='lat' dir='ltr'>suo</span> <span class='ocrx_word' id='word_1_186' title='bbox 675 3125 871 3196; x_wconf 91' lang='lat' dir='ltr'>Wennone</span> <span class='ocrx_word' id='word_1_187' title='bbox 896 3147 982 3196; x_wconf 87' lang='lat' dir='ltr'>cum</span> <span class='ocrx_word' id='word_1_188' title='bbox 1001 3124 1210 3221; x_wconf 88' lang='lat' dir='ltr'>sacerdote,</span> <span class='ocrx_word' id='word_1_189' title='bbox 1237 3151 1312 3198; x_wconf 90' lang='lat' dir='ltr'>non</span> <span class='ocrx_word' id='word_1_190' title='bbox 1331 3127 1400 3199; x_wconf 73' lang='lat' dir='ltr'>mi.-</span> 
     </span>
     <span class='ocr_line' id='line_1_28' title="bbox 303 3222 1405 3326; baseline 0.005 -30"><span class='ocrx_word' id='word_1_191' title='bbox 303 3248 374 3298; x_wconf 89' lang='lat' dir='ltr'>nus</span> <span class='ocrx_word' id='word_1_192' title='bbox 392 3223 496 3322; x_wconf 92' lang='lat' dir='ltr'>pium</span> <span class='ocrx_word' id='word_1_193' title='bbox 516 3247 560 3296; x_wconf 91' lang='lat' dir='ltr'>ac</span> <span class='ocrx_word' id='word_1_194' title='bbox 579 3222 783 3320; x_wconf 91' lang='lat' dir='ltr'>benignum</span> <span class='ocrx_word' id='word_1_195' title='bbox 803 3232 840 3296; x_wconf 94' lang='lat' dir='ltr'>et</span> <span class='ocrx_word' id='word_1_196' title='bbox 865 3222 1039 3296; x_wconf 90' lang='lat' dir='ltr'>omnibus</span> <span class='ocrx_word' id='word_1_197' title='bbox 1059 3224 1257 3326; x_wconf 83' lang='lat' dir='ltr'>virtutibus</span> <span class='ocrx_word' id='word_1_198' title='bbox 1276 3228 1405 3325; x_wconf 81' lang='lat' dir='ltr'>reple-</span> 
     </span>
     <span class='ocr_line' id='line_1_29' title="bbox 302 3322 1406 3421; baseline 0.004 -25"><span class='ocrx_word' id='word_1_199' title='bbox 302 3334 384 3398; x_wconf 91' lang='lat' dir='ltr'>tum</span> <span class='ocrx_word' id='word_1_200' title='bbox 411 3323 636 3421; x_wconf 86' lang='lat' dir='ltr'>Volquinurn</span> <span class='ocrx_word' id='word_1_201' title='bbox 663 3322 852 3396; x_wconf 92' lang='lat' dir='ltr'>inlocum</span> <span class='ocrx_word' id='word_1_202' title='bbox 879 3346 990 3395; x_wconf 90' lang='lat' dir='ltr'>suum</span> <span class='ocrx_word' id='word_1_203' title='bbox 1018 3324 1273 3398; x_wconf 90' lang='lat' dir='ltr'>restituerunt.</span> <span class='ocrx_word' id='word_1_204' title='bbox 1325 3327 1406 3400; x_wconf 84' lang='lat' dir='ltr'>Hic</span> 
     </span>
     <span class='ocr_line' id='line_1_30' title="bbox 302 3422 1399 3524; baseline 0.002 -26"><span class='ocrx_word' id='word_1_205' title='bbox 302 3435 449 3522; x_wconf 88' lang='lat' dir='ltr'>postea,</span> <span class='ocrx_word' id='word_1_206' title='bbox 468 3425 546 3498; x_wconf 89' lang='lat' dir='ltr'>sive</span> <span class='ocrx_word' id='word_1_207' title='bbox 565 3433 741 3522; x_wconf 88' lang='lat' dir='ltr'>presente</span> <span class='ocrx_word' id='word_1_208' title='bbox 760 3422 838 3497; x_wconf 92' lang='lat' dir='ltr'>sive</span> <span class='ocrx_word' id='word_1_209' title='bbox 853 3424 1008 3497; x_wconf 88' lang='lat' dir='ltr'>absente</span> <span class='ocrx_word' id='word_1_210' title='bbox 1027 3423 1221 3524; x_wconf 91' lang='lat' dir='ltr'>episcopo,</span> <span class='ocrx_word' id='word_1_211' title='bbox 1240 3425 1399 3500; x_wconf 91' lang='lat' dir='ltr'>inomni</span> 
     </span>
     <span class='ocr_line' id='line_1_31' title="bbox 300 3522 1405 3625; baseline 0.003 -26"><span class='ocrx_word' id='word_1_212' title='bbox 300 3524 538 3625; x_wconf 86' lang='lat' dir='ltr'>expeditione</span> <span class='ocrx_word' id='word_1_213' title='bbox 569 3523 775 3610; x_wconf 86' lang='lat' dir='ltr'>exercitum</span> <span class='ocrx_word' id='word_1_214' title='bbox 810 3522 961 3600; x_wconf 90' lang='lat' dir='ltr'>Domini</span> <span class='ocrx_word' id='word_1_215' title='bbox 992 3524 1161 3598; x_wconf 88' lang='lat' dir='ltr'>ducendo</span> <span class='ocrx_word' id='word_1_216' title='bbox 1194 3535 1307 3624; x_wconf 89' lang='lat' dir='ltr'>atque</span> <span class='ocrx_word' id='word_1_217' title='bbox 1338 3551 1405 3602; x_wconf 75' lang='lat' dir='ltr'>re·</span> 
     </span>
     <span class='ocr_line' id='line_1_32' title="bbox 300 3622 1431 3725; baseline 0.002 -25"><span class='ocrx_word' id='word_1_218' title='bbox 300 3627 436 3724; x_wconf 88' lang='lat' dir='ltr'>gendo,</span> <span class='ocrx_word' id='word_1_219' title='bbox 455 3624 686 3724; x_wconf 90' lang='lat' dir='ltr'>preliabatur</span> <span class='ocrx_word' id='word_1_220' title='bbox 696 3623 816 3723; x_wconf 89' lang='lat' dir='ltr'>prelia</span> <span class='ocrx_word' id='word_1_221' title='bbox 831 3622 984 3696; x_wconf 89' lang='lat' dir='ltr'>Domini</span> <span class='ocrx_word' id='word_1_222' title='bbox 999 3648 1085 3696; x_wconf 85' lang='lat' dir='ltr'>cunr</span> <span class='ocrx_word' id='word_1_223' title='bbox 1098 3623 1224 3698; x_wconf 89' lang='lat' dir='ltr'>leticia</span> <span class='ocrx_word' id='word_1_224' title='bbox 1236 3636 1275 3699; x_wconf 91' lang='lat' dir='ltr'>et</span> <span class='ocrx_word' id='word_1_225' title='bbox 1287 3651 1406 3725; x_wconf 53' lang='lat' dir='ltr'>egre*</span> <span class='ocrx_word' id='word_1_226' title='bbox 1429 3659 1431 3664; x_wconf 88' lang='lat'><em>·</em></span> 
     </span>
     <span class='ocr_line' id='line_1_33' title="bbox 299 3723 1404 3823; baseline -0.005 -26"><span class='ocrx_word' id='word_1_227' title='bbox 299 3726 471 3800; x_wconf 87' lang='lat' dir='ltr'>diebatur</span> <span class='ocrx_word' id='word_1_228' title='bbox 494 3735 533 3800; x_wconf 90' lang='lat' dir='ltr'>et</span> <span class='ocrx_word' id='word_1_229' title='bbox 548 3724 832 3823; x_wconf 84' lang='lat' dir='ltr'>regrediebatur</span> <span class='ocrx_word' id='word_1_230' title='bbox 858 3723 905 3797; x_wconf 90' lang='lat' dir='ltr'>ad</span> <span class='ocrx_word' id='word_1_231' title='bbox 931 3734 1065 3822; x_wconf 82' lang='lat' dir='ltr'>gentes</span> <span class='ocrx_word' id='word_1_232' title='bbox 1083 3723 1121 3797; x_wconf 91' lang='lat' dir='ltr'>in</span> <span class='ocrx_word' id='word_1_233' title='bbox 1139 3725 1310 3800; x_wconf 86' lang='lat' dir='ltr'>circuito.</span> <span class='ocrx_word' id='word_1_234' title='bbox 1346 3727 1404 3800; x_wconf 38' lang='lat' dir='ltr'>Et,</span> 
     </span>
     <span class='ocr_line' id='line_1_34' title="bbox 298 3823 1401 3922; baseline -0.001 -24"><span class='ocrx_word' id='word_1_235' title='bbox 298 3826 523 3898; x_wconf 90' lang='lat' dir='ltr'>adiuvabant</span> <span class='ocrx_word' id='word_1_236' title='bbox 547 3841 789 3899; x_wconf 69' lang='lat' dir='ltr'>eum&#39;omnes</span> <span class='ocrx_word' id='word_1_237' title='bbox 813 3825 950 3897; x_wconf 86' lang='lat' dir='ltr'>fratres</span> <span class='ocrx_word' id='word_1_238' title='bbox 969 3823 1063 3922; x_wconf 86' lang='lat' dir='ltr'>eius,</span> <span class='ocrx_word' id='word_1_239' title='bbox 1091 3835 1130 3900; x_wconf 90' lang='lat' dir='ltr'>et</span> <span class='ocrx_word' id='word_1_240' title='bbox 1153 3826 1337 3902; x_wconf 87' lang='lat' dir='ltr'>auxilium</span> <span class='ocrx_word' id='word_1_241' title='bbox 1355 3837 1401 3902; x_wconf 85' lang='lat' dir='ltr'>et.</span> 
     </span>
     <span class='ocr_line' id='line_1_35' title="bbox 295 3925 1262 4023; baseline -0.002 -23"><span class='ocrx_word' id='word_1_242' title='bbox 295 3925 451 4000; x_wconf 90' lang='lat' dir='ltr'>victoria</span> <span class='ocrx_word' id='word_1_243' title='bbox 470 3925 622 3998; x_wconf 87' lang='lat' dir='ltr'>Domini</span> <span class='ocrx_word' id='word_1_244' title='bbox 640 3949 792 4023; x_wconf 89' lang='lat' dir='ltr'>semper</span> <span class='ocrx_word' id='word_1_245' title='bbox 809 3933 891 3997; x_wconf 89' lang='lat' dir='ltr'>erat</span> <span class='ocrx_word' id='word_1_246' title='bbox 908 3946 995 3998; x_wconf 90' lang='lat' dir='ltr'>cum</span> <span class='ocrx_word' id='word_1_247' title='bbox 1014 3925 1080 3999; x_wconf 90' lang='lat' dir='ltr'>eis.</span> <span class='ocrx_word' id='word_1_248' title='bbox 1261 3954 1262 3957; x_wconf 43' lang='lat'>¹</span> 
     </span>
    </p>

    <p class='ocr_par' dir='ltr' id='par_1_5' title="bbox 237 4024 1468 4228">
     <span class='ocr_line' id='line_1_36' title="bbox 237 4024 1399 4127; baseline 0 -27"><span class='ocrx_word' id='word_1_249' title='bbox 237 4033 288 4120; x_wconf 85' lang='lat'><strong>(3.)</strong></span> <span class='ocrx_word' id='word_1_250' title='bbox 372 4025 520 4101; x_wconf 87' lang='lat' dir='ltr'>Mortuo</span> <span class='ocrx_word' id='word_1_251' title='bbox 540 4025 660 4100; x_wconf 89' lang='lat' dir='ltr'>eciam</span> <span class='ocrx_word' id='word_1_252' title='bbox 677 4025 715 4097; x_wconf 93' lang='lat' dir='ltr'>in</span> <span class='ocrx_word' id='word_1_253' title='bbox 735 4025 868 4099; x_wconf 91' lang='lat' dir='ltr'>eodem</span> <span class='ocrx_word' id='word_1_254' title='bbox 887 4047 986 4097; x_wconf 89' lang='lat' dir='ltr'>anno</span> <span class='ocrx_word' id='word_1_255' title='bbox 1005 4024 1247 4127; x_wconf 84' lang='lat' dir='ltr'>Eggelberto,</span> <span class='ocrx_word' id='word_1_256' title='bbox 1272 4029 1399 4124; x_wconf 82' lang='lat' dir='ltr'>eccle·</span> 
     </span>
     <span class='ocr_line' id='line_1_37' title="bbox 298 4124 1468 4228; baseline 0.003 -29"><span class='ocrx_word' id='word_1_257' title='bbox 298 4125 352 4201; x_wconf 88' lang='lat' dir='ltr'>sie</span> <span class='ocrx_word' id='word_1_258' title='bbox 375 4127 485 4201; x_wconf 87' lang='lat' dir='ltr'>beate</span> <span class='ocrx_word' id='word_1_259' title='bbox 510 4125 628 4200; x_wconf 89' lang='lat' dir='ltr'>Marie</span> <span class='ocrx_word' id='word_1_260' title='bbox 651 4124 857 4224; x_wconf 90' lang='lat' dir='ltr'>preposito,</span> <span class='ocrx_word' id='word_1_261' title='bbox 884 4126 1091 4225; x_wconf 87' lang='lat' dir='ltr'>assumpsit</span> <span class='ocrx_word' id='word_1_262' title='bbox 1116 4128 1317 4228; x_wconf 86' lang='lat' dir='ltr'>episcopus</span> <span class='ocrx_word' id='word_1_263' title='bbox 1340 4129 1404 4203; x_wconf 71' lang='lat' dir='ltr'>&#39;dee</span> <span class='ocrx_word' id='word_1_264' title='bbox 1466 4199 1468 4202; x_wconf 83' lang='lat'>.</span> 
     </span>
    </p>
   </div>
   <div class='ocr_carea' id='block_1_3' title="bbox 0 0 1512 5016">
    <p class='ocr_par' dir='ltr' id='par_1_6' title="bbox 0 0 1512 5016">
     <span class='ocr_line' id='line_1_38' title="bbox 0 0 1512 5016; baseline 0 3"><span class='ocrx_word' id='word_1_265' title='bbox 0 0 1512 5016; x_wconf 95' lang='lat' dir='ltr'> </span> 
     </span>
    </p>
   </div>
  </div>
 </body>
</html>
