3016 5016
279 506 328 582 58
425 506 638 580 HElNRlCl
666 505 943 581 CHRONlCON
968 506 1219 581 LYVONlAE.

278 705 501 780 forcioribus
516 732 624 821 unus,
639 732 701 806 qur
692 707 967 782 'descendens
958 709 1213 784 intermedius
1229 709 1379 806 hostes

279 807 374 881 duos
401 832 447 881 ex
471 808 562 906 ipsis
589 809 725 883 occidit
754 818 793 882 et
819 833 865 882 ex
890 808 1098 883 collaterali
1125 819 1231 907 parte
1258 766 1380 884 castri

279 931 394 982 sanus
421 919 458 982 et
475 901 675 984 incolumis
695 909 739 981 ad
759 932 849 982 suos
867 933 1041 984 reversus
1060 919 1130 1005 est,
1157 909 1278 984 Deum
1298 911 1377 985 col·
1473 997 1478 1007 ³

278 1010 435 1082 laudans
458 1034 527 1123 pro
547 1009 702 1128 speciali
724 1010 837 1082 laude
855 1010 933 1106 tali,
960 1034 1073 1124 quam
1096 1009 1167 1084 sibi
1187 1010 1378 1084 Dominus
1471 1017 1476 1025 '

279 1111 325 1185 de
351 1110 509 1209 paganis
535 1110 705 1184 contulit.
742 1109 929 1184 Sacerdos
956 1111 1076 1185 eciam
1094 1110 1276 1209 ipsorum,
1302 1111 1374 1184 im·
1467 1157 1477 1185 ·.

277 1211 547 1309 pugnationem
575 1210 771 1284 Estonurn
787 1210 976 1284 modicum
1004 1212 1221 1308 attendens,
1253 1211 1380 1284 muni·
1474 1206 1477 1215 '

276 1310 419 1385 tionem
446 1311 559 1386 castri
589 1310 773 1407 ascendit,
810 1320 847 1386 et
876 1310 959 1384 aliis
990 1311 1300 1411 pugnantibus,
1291 1336 1378 1410 ipse

277 1411 421 1485 rnusico
448 1412 697 1487 instrumenta
723 1414 882 1486 canebat
908 1411 1030 1485 Deurn
1055 1413 1254 1486 exorando.
1297 1411 1374 1486 Sed

277 1507 443 1607 barbari,
479 1512 674 1586 audientes
700 1535 855 1586 carmen
880 1522 918 1586 et
943 1512 1106 1586 sonitum
1131 1512 1372 1587 instrumenti

278 1622 443 1707 acutum,
473 1613 731 1708 substiterunt,
758 1611 844 1710 quia
872 1611 910 1684 in
933 1622 1033 1686 terra
1059 1637 1128 1687 sua
1151 1639 1228 1687 nen
1246 1613 1373 1688 audie·

276 1723 373 1810 rant
398 1723 435 1786 et
459 1723 664 1818 pausantes
683 1739 705 1787 a
724 1712 821 1787 bello
852 1735 1004 1786 causam
1022 1724 1127 1788 tante
1144 1713 1271 1788 leticie
1289 1739 1374 1812 per·

277 1813 486 1928 quirebant
538 1811 690 1888 Leththi
714 1825 842 1888 autem
874 1839 918 1888 eo
947 1814 1046 1911 quod
1070 1825 1224 1914 recepto
1251 1839 1373 1914 nuper

275 1914 464 2013 baptisare
483 1914 604 1989 Deum
630 1939 672 1990 se
690 1914 891 1989 defendere
908 1913 1089 2011 viderent,
1116 1915 1200 1989 ideo
1220 1939 1262 1990 se
1281 1941 1373 2016 gau·

277 2015 366 2089 dere
393 2041 437 2089 ac
457 2015 661 2089 Dominum
687 2039 728 2090 se
755 2014 910 2089 laudare
936 1970 1221 2114 responderunt.
1266 2016 1370 2090 Tunc

179 2207 182 2214 Ι
277 2115 439 2190 Estones
458 2117 503 2188 de
522 2117 736 2189 renovanda
755 2141 849 2213 pace
868 2126 1156 2214 preposuerunt
1193 2115 1267 2190 Sed
1286 2117 1372 2191 Let
1426 2205 1430 2214 ῃ

276 2217 350 2289 tni:
394 2215 585 2312 Nondum,
624 2209 815 2313 inquiunt
853 2218 1091 2290 mercationes
1122 2216 1214 2300 l'ltea
1218 2217 1372 2291 thonicis

278 2317 437 2412 adlatas,
462 2341 574 2414 neque
599 2318 708 2390 etiam
733 2316 830 2390 bana
854 2316 960 2389 nadis
983 2320 1104 2411 sepias
1123 2315 1252 2390 adlata
1270 2322 1371 2391 resti-

276 2421 404 2492 tuistis
454 2415 528 2492 Sed
545 2441 656 2537 neque
673 2420 710 2491 in
711 2423 765 2490 ter
711 2416 1053 2491 tedristiunosct
1038 2425 1239 2514 tpaqanes
1258 2440 1370 2491 anam
1497 2493 1498 2496 ,

277 2544 341 2593 cor
355 2527 390 2594 et
403 2543 479 2592 ιιιια
492 2522 619 2592 αιιιιιιιι
631 2542 742 2616 neque
755 2521 881 2614 ferma
890 2520 998 2612 pacis
1011 2523 1120 2608 tlrma
1134 2542 1210 2591 esse
1218 2522 1369 2614 poterit,

276 2623 354 2694 nisi
376 2627 517 2715 recepto
481 2619 735 2694 tnobiscam
765 2617 891 2692 ecdem
917 2621 1002 2715 inqu
1029 2618 1310 2693 christianitatis
1337 2625 1373 2692 et

270 2725 379 2816 pacis
400 2727 590 2816 perpetue,
629 2742 741 2793 anam
770 2717 886 2790 Deum
916 2719 1056 2794 colatis
1115 2719 1199 2808 Quo
1228 2719 1368 2818 audito,

276 2821 438 2896 Estcnes
462 2821 619 2893 nimium
648 2817 831 2916 indignati
858 2829 1023 2894 acastre
1042 2818 1284 2920 diverterffunt
1312 2844 1370 2894 se·
1411 2875 1414 2880 -

277 2923 455 3020 quutique
468 2920 593 2994 Letthi
607 2929 694 3018 post
706 2929 856 3017 tergum
870 2919 1054 3018 plurimos
1064 2877 1368 2996 vulneraverunt.

275 3023 324 3096 Et
337 3023 530 3095 mittentes
540 3029 768 3119 pernoctem
782 3020 828 3092 ad
842 3019 1068 3118 magistrum
1081 3020 1222 3096 milicie
1230 3021 1369 3095 Christi

275 3123 313 3196 in
330 3122 512 3218 Wenden,
538 3121 787 3234 Wennouern,
815 3120 877 3216 qui
898 3129 989 3195 tunc
1014 3121 1155 3217 ade1·‚at
1182 3124 1369 3221 rogabant

276 3248 365 3298 eum
381 3221 509 3297 venire
528 3246 614 3295 curn
634 3220 712 3293 suis
731 3221 778 3294 ad
796 3222 1099 3319 persequendum
1113 3221 1283 3297 Estones.
1321 3225 1370 3296 At

275 3324 352 3418 ille,
380 3319 595 3397 convocatis
621 3321 793 3395 Leththis
813 3320 1014 3396 omnihus
1004 3348 1042 3396 ιιι
1060 3321 1230 3420 circuitu7
1257 3348 1369 3398 mane

274 3425 374 3497 facto
392 3423 494 3499 venit
511 3423 549 3496 in
567 3421 737 3519 Beverin,
765 3425 811 3496 et
821 3421 962 3497 invenit
979 3423 1187 3498 exercitum
1203 3449 1370 3524 pagano·

274 3549 358 3598 rurn
378 3524 453 3598 iarn
479 3524 618 3596 dudum
637 3521 845 3619 divertisse,
872 3535 1197 3622 persequutusque
1216 3536 1275 3599 est
1302 3548 1367 3600 eos

275 3636 483 3725 pertatem
502 3623 601 3697 diem
619 3622 737 3696 illum
781 3623 901 3700 Nocte
918 3649 1007 3700 vero
1028 3625 1199 3740 sequenti
1224 3625 1368 3700 factum

275 3737 334 3800 est
352 3726 440 3826 gelu
455 3725 675 3839 maximum,
694 3735 731 3799 et
750 3724 1046 3799 claudicantibus
1065 3725 1172 3824 equis
1190 3728 1270 3802 fere
1290 3751 1369 3802 om·

275 3827 398 3921 nibus
417 3826 546 3898 hostes
565 3825 750 3940 attingere
763 3850 839 3898 non
852 3826 1064 3919 valuerunt
1084 3851 1128 3900 eo
1143 3828 1242 3924 quod
1247 3853 1368 3942 p·eco

274 3929 378 4000 ribus
405 3925 553 4025 occisis⁷
579 3925 736 4025 captivis
761 3925 938 4022 dimissis,
960 3951 1033 4041 pei
1059 3925 1158 4001 viam
1175 3927 1368 4027 fugiendo,

274 4027 415 4101 bellum
434 4050 508 4100 non
528 4037 802 4126 exspectantes,
828 4028 969 4100 reversi
996 4038 1085 4101 sunt
1110 4029 1367 4142 unusquisque
1504 4059 1506 4072 ·

273 4128 470 4202 interram
490 4131 609 4202 sua‘m.
646 4127 750 4200 Tunc
767 4123 918 4201 Laththi
937 4128 983 4203 de
996 4127 1157 4204 Beverin
1174 4129 1303 4204 tristes
1322 4131 1367 4212 de

273 4239 396 4303 morte
421 4252 588 4325 suorum,
616 4252 711 4326 quos
737 4227 895 4302 Estanes
913 4229 1193 4304 trucidaverant
1216 4241 1255 4304 et
1279 4230 1368 4330 igne
1504 4261 1506 4338 ι
