3016 5016
308 517 358 634 3⁴2
455 493 671 624 usinum
698 510 976 607 chronicon
1001 511 1253 587 urvounu.

305 716 501 812 Lyvonum
517 724 680 812 caterva,
700 713 868 814 neophiti
879 713 1031 813 quidam
1042 713 1304 790 Lembewalde
1319 737 1409 786 cum

305 815 536 915 quibusdam·
551 815 646 913 aliis,
664 814 796 890 fideles
815 839 857 890 se
876 814 1107 912 exhibentes,
1133 813 1297 888 dimissis
1317 837 1411 888 uxo·

304 918 408 990 ribus
434 926 473 990 et
498 914 642 989 familia
669 915 707 989 in
730 916 889 1014 Holme,¹
907 914 1043 1014 Rigam
1061 915 1293 991 descendunt
1320 937 1409 1014 sug·

306 1026 483 1132 gerentes
510 1016 649 1090 domno
677 1016 874 1116 episcopo,
902 1016 1064 1114 qualiter
1089 1040 1130 1091 se
1156 1016 1333 1092 defendat
1359 1018 1407 1089 ab

303 1116 483 1215 mimicis,
501 1126 676 1217 optantes
685 1117 809 1216 magis
820 1115 1112 1192 christianorum
1124 1141 1239 1216 quarn
1248 1139 1409 1190 suorum

305 1217 538 1319 perfidorum
563 1217 761 1314 Lyvouum
779 1218 1003 1317 profectum.
1047 1217 1318 1292 Erantautem
1335 1216 1408 1313 Ly·

304 1343 423 1394 venes
447 1318 561 1393 simul
578 1342 711 1392 omnes
730 1318 772 1391 iu.
787 1330 911 1392 castro
932 1318 1063 1393 diebus
1083 1318 1238 1416 aliquot,
1265 1328 1303 1392 et
1327 1317 1408 1415 qui-

306 1421 394 1494 dam
421 1443 467 1493 ex
490 1419 544 1493 eis
572 1427 753 1493 exeuntes
780 1429 919 1494 versus
937 1418 1085 1518 Rigam,
1117 1429 1196 1492 tam
1220 1441 1338 1515 equos
1367 1417 1406 1492 in

305 1517 457 1620 pascuis
488 1518 696 1618 spoliantes
734 1528 812 1592 tam
844 1518 1017 1592 homines
1055 1543 1149 1617 quos
1180 1519 1408 1595 invenerunt

307 1619 542 1716 occidenteS,
578 1620 750 1693 fecerunt
780 1619 906 1718 omnia
938 1621 1038 1694 mala
1077 1646 1149 1719 que
1187 1628 1408 1719 potuerunt..

305 1721 474 1795 Tandem
498 1719 598 1793 tedio
619 1717 759 1816 affecti,
791 1719 942 1817 quidam
962 1721 1007 1792 ad
1027 1722 1178 1819 propria
1197 1721 1405 1818 redierunt,

306 1822 457 1920 quidam
477 1821 598 1894 adhuc
616 1831 891 1896 remanserunt.
926 1821 1093 1908 Audiens
1113 1832 1241 1896 autem
1259 1821 1408 1920 episco-

305 1947 376 2022 pus
396 1923 632 2021 quorundam
649 1921 858 2018 recessum,
876 1923 1092 1996 convocatis
1112 1922 1289 1996 fratribus
1309 1921 1408 1995 mili·

306 2024 363 2097 cie
382 2033 420 2098 et.
438 2022 579 2097 civibus
599 2033 637 2096 et
653 2022 876 2122 peregriniS,
904 2022 1061 2120 requirit
1082 2046 1155 2121 quo
1179 2023 1279 2096 facto
1304 2047 1406 2121 opus

305 2125 501 2208 sitcontra
520 2121 715 2220 Lyvunum
734 2123 1064 2198 machinationem.
1100 2124 1229 2196 Visum
1249 2133 1306 2197 est
1324 2147 1405 2196 om·

305 2224 414 2298 nibus
443 2223 634 2321 expedire,
662 2234 702 2296 ut
728 2223 901 2297 invocato
930 2247 1045 2324 super
1069 2248 1110 2298 se
1135 2224 1205 2299 Dei
1231 2223 1404 2321 omnipo·

305 2323 418 2400 tentis
438 2324 576 2397 auxilio
596 2325 786 2398 novellam
805 2323 1006 2398 ecclesiam
1029 2325 1102 2424 ipsi
1121 2325 1402 2411 committentes
1476 2396 1479 2403 Α

306 2451 393 2509 cum
412 2425 486 2498 illis
504 2426 542 2498 iu
556 2425 692 2499 Holme
710 2426 851 2499 bellum
870 2425 1009 2522 ineant,
1030 2435 1066 2500 et
1081 2426 1216 2500 melius
1231 2449 1316 2500 esse
1331 2449 1401 2524 pro

306 2527 379 2601 lide
394 2526 531 2600 Christi
551 2550 683 2599 omnes
703 2526 799 2599 mori
819 2545 931 2625 quam
956 2527 1127 2626 singulos
1146 2527 1298 2600 cottidie
1318 2551 1402 2599 cru·
1472 2555 1475 2564 ’

306 2627 407 2702 ciari.
445 2626 659 2701 Commissa
676 2625 792 2724 igitur
806 2627 956 2702 civitate
971 2628 1109 2701 domno
1125 2629 1316 2726 episcopo,
1337 2626 1402 2726 qui

243 2771 246 2776 ν
303 2728 505 2804 validiores
537 2737 643 2800 erant
679 2727 927 2801 Theuthonici
960 2753 1045 2803 cum
1078 2731 1155 2802 suis
1187 2727 1400 2824 Lyvonihus
1472 2785 1478 2803 2

304 2828 529 2927 Rigensihus
549 2827 695 2925 armati,
721 2827 924 2901 balistariis
954 2839 991 2903 et
1008 2829 1098 2918 aliis
1117 2829 1322 2928 sagittariis
1342 2852 1402 2902 as·
1472 2863 1473 2866 ¹

305 2927 486 3026 sumptiS,
527 2927 675 3026 navigio
706 2929 953 3026 ascendentes
985 2931 1031 3002 ad
1067 2941 1233 3003 castrum
1264 2930 1402 3005 Holmc
1482 2971 1484 2973 ·

195 3049 257 3106 lun.
268 3051 295 3107 4.
306 3029 514 3128 applicant,
555 3030 683 3127 quinta
720 3029 866 3116 decima
897 3029 956 3103 die
987 3039 1075 3128 post
1104 3027 1401 3129 pentecostenffl.

306 3129 450 3219 Quibus
475 3130 645 3229 provisis,
673 3131 803 3204 hostes
821 3131 911 3204 litus
930 3141 967 3204 et
985 3155 1181 3205 accessum
1197 3131 1403 3206 defendere

304 3232 476 3305 volentes
504 3231 682 3304 audacter
704 3241 915 3304 occurrunt.
961 3231 1123 3329 Stupent
1142 3231 1265 3329 primo
1289 3231 1402 3304 nimis

306 3330 500 3405 christiani
527 3340 681 3429 propter
708 3355 839 3404 eorum
864 3331 1105 3429 paucitatem,
1137 3357 1226 3404 nam
1250 3342 1402 3406 centum

305 3442 452 3505 tautum
464 3441 571 3506 erant
585 3441 623 3504 et
636 3430 907 3530 quinquaginta
921 3431 1163 3531 hostiumque
1178 3427 1261 3506 erat
1273 3457 1403 3506 nume·

306 3557 396 3607 rosa
414 3530 627 3628 multitudo,
651 3531 716 3605 sed
737 3543 848 3606 cantu
867 3550 934 3608 suo
961 3532 1030 3608 Dei
1048 3533 1281 3633 inplorantes
1300 3532 1403 3606 auxi-

306 3635 398 3708 lium
427 3645 463 3706 et
489 3632 735 3706 clemenciam
762 3644 801 3707 et
817 3633 915 3708 vires
935 3634 1145 3708 animorum
1164 3643 1402 3709 resumentes

306 3736 458 3808 tandem
487 3732 652 3807 exiliunt.
707 3733 877 3820 Quorum
903 3734 1046 3832 primus
1072 3737 1258 3816 Arnoldus
1285 3736 1404 3808 frater

306 3835 458 3931 milicie,
478 3834 611 3908 deiude
630 3835 727 3909 servi
747 3835 914 3934 episcopi
933 3861 978 3910 ex
998 3834 1071 3908 alia
1085 3861 1180 3910 nave
1201 3861 1285 3910 cum
1305 3845 1404 3910 cete·

306 3935 371 4032 riS,
391 3945 523 4009 omnes
538 3935 650 4008 simul
666 3937 836 4009 hostibus
856 3935 1169 4035 appropinquant.
1215 3935 1261 4009 Et
1279 3937 1401 4034 primo

307 4036 346 4109 in
364 4061 462 4134 aqua
479 4047 692 4136 pugnantes·
710 4036 860 4111 littorea
880 4059 971 4109 saxa
988 4037 1217 4136 lanceasque
1235 4037 1401 4110 hostium

307 4234 353 4307 8⁴)
374 4239 447 4311 quod
467 4238 564 4301 lustum
585 4245 650 4292 tunc
670 4238 697 4290 iu
717 4237 788 4291 diem
807 4236 851 4291 21.
872 4255 906 4291 m.
923 4236 981 4294 Mai
1001 4239 1145 4292 incidebat.
