3016 5016
317 493 361 566 12
459 488 672 562 HEINRlCl
699 487 977 562 CHRONICON
1002 487 1254 562 LYVONIAE.
1350 568 1356 584 ,

232 738 241 754 ι
313 700 447 790 postea
475 698 707 763 mercatores
734 688 806 788 ipsi
833 690 1104 788 collaudanteS,
1136 690 1298 764 eundern
1328 714 1432 788 por·

312 803 394 866 tum
413 789 605 865 communi
623 790 774 889 decreto
800 792 869 864 sub
896 790 1093 865 interdicto
1120 801 1278 889 ponunt,
1313 801 1359 864 ut
1386 791 1425 863 si

315 890 397 990 quis
412 891 519 964 illurn
534 890 711 988 deinceps
726 889 966 966 mercationis
986 915 1099 966 causa
1114 891 1259 989 ingredi
1280 915 1427 990 presu-

314 1002 413 1087 mat,
447 993 559 1065 rebus
594 990 772 1066 simulet
801 991 875 1067 vita
902 991 1080 1092 privetur.
1130 993 1235 1066 Unde
1262 1002 1422 1090 postea,

314 1095 460 1166 duobus
488 1092 595 1165 annis
621 1092 823 1166 transactis
854 1103 941 1191 post
962 1093 1290 1167 constructionem
1324 1092 1422 1165 civi-

216 1221 221 1236 ·
313 1192 414 1288 tatis,
434 1193 583 1290 quidam
602 1192 833 1290 promissum
853 1218 984 1267 eorum
1003 1193 1208 1292 infringere
1228 1193 1419 1289 volentes,

314 1293 437 1394 primo
458 1319 478 1366 a
498 1293 771 1367 mercatoribus
790 1293 976 1388 ornnibuS,
1003 1317 1049 1367 ne
1068 1293 1329 1390 Semigalliam
1348 1318 1419 1366 va·

316 1395 416 1492 dant,
444 1393 654 1467 affectuose
677 1404 869 1491 rogantur.
922 1394 997 1468 Sed
1015 1393 1068 1468 illi
1087 1393 1286 1493 apostolici
1305 1419 1419 1468 man·

316 1497 444 1569 datum
477 1518 551 1566 non
584 1494 819 1568 attendentes
851 1505 890 1567 et
920 1518 1121 1569 commune
1153 1506 1415 1569 mercatorum

316 1597 509 1670 decretum
524 1593 850 1692 parvipendentes,
866 1595 902 1667 in
915 1594 1001 1669 navi
1013 1596 1244 1668 sua'Dunam
1256 1596 1411 1669 descen·

316 1698 417 1767 dunt.
451 1695 618 1782 Quorum
634 1693 912 1770 animositatem
924 1695 1037 1770 ceteri
1046 1695 1227 1790 videnteS,
1247 1697 1414 1768 admotis

317 1795 400 1870 aliis
419 1795 574 1868 navibus
595 1819 660 1869 eos
680 1795 913 1894 impugna-nt.
950 1796 1116 1870 Tandem
1136 1799 1280 1870 duobus
1307 1796 1412 1892 viriS,

316 1900 569 1996 gubernatore
595 1895 771 1970 videlicet
798 1907 836 1970 et
861 1898 1015 1971 ductore
1040 1897 1158 1996 naviS,
1185 1897 1352 1996 exceptis
1372 1907 1413 1970 et

318 1996 458 2072 crudeli
478 2007 601 2070 morte
617 1997 836 2096 peremptis,
856 1997 917 2070 alii
933 2008 1060 2071 autem
1073 1997 1196 2073 redire
1209 2009 1410 2096 coguntur.

153 2237 155 2240 ·
252 2197 307 2282 (Vt
392 2199 498 2270 Anno
526 2196 642 2271 tercio
668 2221 736 2271 sue
766 2198 1063 2292 consecracionis
1095 2199 1294 2297 episeopus
1321 2223 1409 2272 curn

228 2282 545 2396 ¹²⁰¹·peregrinis,
577 2321 671 2395 quos
697 2299 837 2372 habere
864 2298 1003 2398 potuit,
1036 2299 1200 2372 dimissis
1227 2301 1264 2372 in
1289 2299 1409 2373 Theu-

316 2401 445 2472 tbonia
465 2397 669 2496 obsidibus,
696 2398 733 2471 in
757 2399 964 2495 Lyvoniam
982 2401 1193 2496 revertitur,
1221 2411 1258 2474 et
1276 2401 1406 2474 eadem

317 2510 437 2574 estate
456 2499 492 2578 in
513 2525 646 2598 campo
667 2500 848 2598 spatioso,
867 2501 969 2575 iuxta
985 2527 1096 2598 quern
1112 2512 1243 2600 portus
1258 2501 1407 2574 navium

257 2609 305 2694 (2.)
316 2623 400 2678 esse
419 2612 580 2700 poterat,
598 2600 692 2698 Riga
712 2600 842 2686 civitas
861 2600 1066 2676 edificatur.
1165 2602 1219 2675 Eo
1238 2612 1407 2699 tempore

210 2776 213 2779 ,
317 2703 517 2802 episeopus
542 2700 738 2774 Danielem
764 2700 887 2774 virum
906 2701 1071 2775 nobilem
1098 2711 1136 2775 et
1154 2701 1405 2777 Conreduma

316 2800 618 2900 Meyiendorpe⁶³
637 2801 680 2872 ad
701 2825 741 2874 se
761 2801 957 2899 colligens,
977 2802 1122 2874 duobus
1142 2803 1275 2876 castris
1293 2803 1407 2877 Leue-

315 2904 465 2977 wardon
475 2900 506 2948 ⁶⁴
525 2911 562 2974 et
579 2900 765 2974 Ykescola
785 2901 1070 2976 inbeneficiavit.

257 3013 307 3096 (3.)
391 3001 545 3076 lnterim
560 3000 741 3097 CuroneS,
760 3001 887 3075 auditu
907 3003 1066 3088 adventu
1082 3003 1248 3102 episcopi
1269 3013 1307 3078 et
1324 3001 1404 3076 civi·

317 3103 403 3177 tatis
435 3101 692 3196 inchoatione,
729 3127 803 3175 non
835 3101 970 3177 timore
997 3104 1084 3178 belli
1116 3106 1181 3179 sed
1212 3104 1403 3178 vocatione
1480 3135 1481 3138 ¹

317 3204 454 3282 Christi
475 3229 542 3303 pro
562 3227 655 3301 pace
673 3201 844 3276 facienda
863 3204 1020 3277 nuncios
1046 3207 1089 3276 ad
1110 3205 1301 3286 civitatem
1326 3203 1403 3276 diri·
1475 3235 1478 3246 ·

317 3315 430 3403 gunt,
459 3329 569 3400 quarn
586 3327 720 3401 pacem
736 3304 1061 3378 consencientibus
1074 3306 1299 3400 christianis,
1314 3305 1403 3378 siout

318 3428 401 3478 mos
427 3415 485 3477 est
510 3407 759 3502 paganorum,
787 3405 981 3504 sanguinis
1001 3407 1187 3481 effusione
1205 3406 1400 3480 stabiliunt.

259 3500 548 3586 (⁴·)Leththones
568 3503 694 3600 etiam,
721 3503 800 3578 Deo
828 3507 881 3579 sic
900 3505 1135 3605 disponente,
1161 3533 1295 3606 pacem
1322 3531 1401 3604 que·

317 3617 443 3680 rentes
464 3605 594 3679 eodem
614 3629 711 3677 anno
732 3605 866 3704 Rigam
883 3609 1056 3702 veniunt,
1083 3607 1144 3680 ubi
1171 3611 1299 3681 statim
1316 3632 1400 3706 paee

316 3709 436 3800 facta,
468 3729 554 3779 cum
582 3704 794 3779 christianis
827 3707 997 3780 amicicie
1029 3708 1315 3804 fedusineunt,
1345 3708 1401 3804 qui

316 3818 448 3907 postea
464 3807 599 3901 hyeme
619 3808 871 3903 subsequente
890 3833 977 3881 curn
997 3809 1163 3882 exercitu
1182 3833 1320 3908 magno
1335 3808 1401 3880 Du·

318 3934 405 3982 nam
434 3909 704 3982 descendentes
732 3907 993 4007 Semigalliam
1016 3909 1185 3982 tendunt.
1231 3909 1303 3983 Sed
1324 3919 1400 3982 ante

319 4091 363 4158 63)
382 4090 546 4154 Meiendori‚
566 4108 581 4142 a
601 4089 771 4162 Magdeburg
790 4093 824 4143 ad
844 4085 1020 4162 occidentem.
1133 4091 1176 4164 64)
1197 4095 1230 4146 ad
1250 4093 1352 4148 Dunam
1370 4095 1410 4152 ab¹

320 4163 437 4219 Uerirtitl
461 4166 493 4218 ad
514 4165 654 4227 orientem,
674 4166 720 4218 nbi
740 4164 821 4218 bodie
842 4166 981 4236 praedium
1002 4165 1203 4231 Lennewaden,
1224 4168 1297 4240 quod
1317 4167 1398 4235 lingua

314 4237 417 4294 Lettica
431 4248 506 4292 sonat
520 4237 686 4292 Leblwarde.
