3016 5016
285 520 498 596 HElNlllCl
525 519 803 598 CllllONlCON
829 522 1080 600 LYVONlAE.
1179 527 1241 602 13·

115 716 173 798 ¹et
198 723 412 823 reciperent
438 723 737 799 consolationem
763 723 902 799 laboris
929 725 1011 823 sui,
1032 725 1229 801 denarium
1253 775 1255 780 -

133 825 318 898 diurnum.
349 824 530 899 Petebant
542 849 637 933 ergo
655 850 675 899 a
695 826 905 900 domnoc
896 850 1028 925 iscopo
1043 826 1228 902 instancia

133 925 340 1000 cottidiana
366 923 523 999 terciam
549 928 696 1025 partem
722 925 844 1000 tocius
845 851 1037 1030 byvonie
1063 951 1228 1002 necnon

133 1037 173 1102 et
199 1025 358 1100 aliarum
386 1034 572 1100 terrarum
597 1027 674 1101 vel
683 1019 859 1125 gencium
883 1026 1111 1124 incircuitu,
1137 1053 1228 1103 non·

133 1128 224 1200 dum
244 1149 522 1242 conversarum,
541 1151 633 1226 quas
647 1151 715 1226 per
733 1151 799 1203 eos
814 1126 999 1202 Dominus
1014 1128 1126 1202 simul
1141 1153 1228 1203 cum

133 1227 220 1302 aliis
245 1226 511 1342 lligensibus
500 1252 537 1302 rn
570 1241 765 1341 posterum
795 1227 883 1303 fidei
914 1227 1103 1305 subiceret
1133 1229 1228 1305 chri·
1293 1268 1298 1275 ·

133 1329 274 1444 stione,
306 1338 348 1401 ut
373 1327 470 1401 sicut
496 1327 701 1403 maioribus
726 1327 1021 1404 sollicitarentur
1051 1330 1226 1430 expensis

133 1429 190 1503 sic
207 1428 379 1543 pluribus
397 1429 606 1528 gauderent
622 1429 840 1506 redditibus.
876 1431 1085 1530 Episcopus
1100 1441 1227 1506 autem

131 1528 283 1604 tales
248 1553 363 1626 viros,
390 1530 453 1628 qui
478 1554 520 1606 se
539 1556 690 1605 murum
716 1556 784 1630 pro
803 1531 915 1605 domo
934 1531 1086 1606 Domini
1105 1532 1166 1606 die
1185 1555 1228 1608 ac

133 1641 245 1705 nocte
263 1642 461 1729 ponerent
483 1656 590 1706 more
608 1632 726 1732 patris
743 1633 871 1707 fovere
890 1641 928 1707 et
946 1657 1077 1706 eorum
1095 1657 1227 1708 nume·

133 1757 219 1807 rum
241 1731 494 1831 multiplicare
513 1733 742 1830 desiderans,
770 1732 961 1807 laboribus
988 1743 1027 1808 et
1051 1733 1226 1834 expensis

133 1858 268 1910 eorum
293 1833 524 1932 respondere
541 1835 685 1932 volens,
713 1833 870 1909 terciam
894 1844 1042 1932 partem
1060 1834 1227 1931 Lyvonie

133 1933 256 2009 tocius
287 1933 343 2008 eis
366 1934 565 2009 concessit
618 1934 665 2008 Et
679 1934 777 2049 quia
799 1934 881 2034 ipse
907 1933 1115 2031 Lyvoniam
1141 1960 1227 2010 cum

134 2060 238 2110 omm
229 2034 421 2108 dominio
441 2046 478 2110 et
504 2036 585 2110 iure
604 2036 649 2108 ab
677 2034 907 2150 imperatore
931 2047 1140 2135 receperat,
1172 2035 1227 2111 eis

135 2160 244 2210 suam
257 2135 414 2211 terciam
428 2147 575 2250 partem
590 2161 677 2210 cum
692 2135 794 2209 omni
810 2136 890 2211 iure
907 2147 945 2210 et
962 2136 1128 2211 dominio
1144 2136 1228 2212 reli·

134 2238 225 2336 quit
279 2235 334 2311 De
353 2237 465 2312 terris
483 2260 572 2312 vero
592 2238 761 2310 nondum
779 2237 975 2336 acquisitis
993 2238 1053 2312 vel
1073 2261 1228 2313 conver·

135 2339 200 2432 sis,
219 2338 317 2412 sicut
334 2360 404 2412 nec
422 2339 512 2412 dare
530 2337 653 2437 potuit
671 2338 768 2437 quod
787 2361 861 2411 non
880 2338 1021 2435 habuit,
1041 2337 1096 2412 sic
1114 2339 1228 2413 ratio·

134 2438 311 2514 nabiliter
325 2439 560 2513 contradixit
587 2438 666 2511 lllis
681 2450 807 2512 autem
817 2437 1043 2512 instantibus
1054 2440 1228 2538 precibus

135 2540 332 2640 oportunis
343 2551 381 2615 et
395 2539 642 2654 inoportunis,
656 2540 807 2613 tandem
822 2539 1010 2638 perlatum
1024 2550 1083 2614 est
1096 2550 1227 2640 postea

135 2643 181 2715 ad
213 2664 325 2715 aures
353 2641 489 2714 summi
515 2637 757 2739 pontificis⁹⁶.
811 2639 883 2727 Qui
910 2650 1032 2714 terras
1062 2642 1229 2714 nondum

135 2741 340 2840 acquisitas
362 2742 442 2818 Deo
462 2741 704 2816 committens
723 2739 769 2814 de
787 2740 982 2838 acquisitis
999 2741 1156 2815 terciam
1174 2741 1229 2815 eis

135 2853 284 2944 partem
302 2842 510 2957 asscripsit,
527 2843 659 2917 relicta
673 2840 851 2941 episcopo
867 2852 998 2940 quarta
1012 2852 1119 2942 parte
1134 2841 1230 2916 deci·

134 2968 283 3018 marum
310 2944 348 3018 in
373 2943 577 3042 partibus'
568 2967 737 3057 ipsorum
761 2944 807 3015 ad
831 2943 1040 3018 obedientie
1057 2943 1231 3042 recogni-

133 3044 288 3119 tionem.
323 3043 497 3144 Rogata
488 3055 615 3143 rtaque
633 3043 803 3143 episcopi
826 3043 861 3115 fx
863 3055 963 3118 atres
983 3044 1121 3119 milicie
1139 3044 1231 3118 divi·

135 3146 268 3221 dentes
286 3144 522 3242 Lyvoniam
512 3171 549 3218 in
568 3155 645 3219 tres
665 3154 805 3245 partes,
832 3143 903 3240 ipsi
921 3156 1115 3243 tamquam
1133 3145 1230 3244 patri

134 3246 297 3346 primam
316 3247 527 3320 concedunt
546 3245 783 3321 electionem.
821 3245 925 3319 Unde
943 3270 1028 3320 cum
1047 3246 1129 3347 ipse
1147 3270 1231 3346 par·

135 3357 212 3422 tem
231 3347 435 3463 Cauponis,
461 3347 686 3422 Thoreidam
703 3345 890 3440 videlicet,
916 3346 1038 3460 primo
1063 3370 1232 3421 assume·

1 3517 2 3538 ,
135 3459 203 3544 ret,
231 3447 305 3546 ipsi
329 3474 375 3523 ex
394 3449 513 3522 altera
531 3456 638 3547 parte
657 3446 782 3520 Coiwe
800 3446 1063 3521 secundariam
1082 3458 1231 3562 partem

11 3575 18 3580 ·
137 3505 204 3622 sibi
230 3549 433 3648 eligentes,
468 3548 625 3624 terciam
652 3557 806 3661 partem
828 3546 867 3619 in
895 3547 1128 3647 Methsepole
1155 3547 1232 3646 epi·

138 3673 252 3764 scopo
272 3649 514 3748 reliquerunt.
553 3648 607 3724 De
626 3645 829 3749 provinciis
848 3657 973 3722 autem
993 3648 1072 3724 sive
1090 3649 1230 3748 prediis

137 3749 248 3824 aliis
238 3775 315 3824 ram
333 3750 501 3824 dudum
492 3775 530 3822 1n
544 3748 727 3824 beneficio
745 3746 913 3847 prestitis
928 3748 998 3847 ipsi
1017 3773 1086 3848 per
1104 3749 1231 3824 omnia

136 3851 528 3949 recompensationem
547 3851 583 3924 in
603 3850 687 3924 aliis
705 3859 839 3950 postea
857 3859 1091 3948 receperunt

197 3950 340 4026 Divisa
364 3951 491 4027 taliter
513 3951 694 4049 hyronia,
720 3951 921 4052 episcopus
948 3950 1202 4026 sacerdotes
1193 3964 1291 4050 rnttp

140 4132 182 4206 96)
203 4133 246 4192 Cl.
266 4135 353 4190 bullas
372 4135 526 4193 Innocentii
546 4135 597 4201 lll,
627 4135 708 4192 tato.
725 4133 786 4191 Oct.
806 4135 850 4192 20
870 4153 913 4209 ap.
932 4133 1068 4206 Dungel.
1090 4153 1114 4189 c
1133 4153 1175 4189 nr.
1197 4135 1230 4188 16

140 4217 165 4262 et
185 4209 227 4263 17.
266 4207 308 4263 De
329 4209 379 4263 bac
397 4226 428 4265 re
446 4212 575 4280 agebatur
595 4210 675 4266 etiam
694 4210 773 4264 annis
793 4210 976 4283 sequentibus,
1003 4219 1033 4265 ut
1059 4218 1170 4282 apparet
1197 4224 1231 4262 ex

139 4280 236 4336 chartis
255 4283 328 4354 apud
347 4279 444 4376 Duuge
464 4284 481 4338 Ι.
501 4301 525 4339 c.
546 4285 614 4338 datis
633 4302 674 4340 nr.
697 4282 739 4337 18.
762 4281 803 4337 19.
822 4281 866 4339 2³.
885 4283 930 4338 25.
