<?xml version="1.0" encoding="UTF-8"?>
<!DOCTYPE html PUBLIC "-//W3C//DTD XHTML 1.0 Transitional//EN"
    "http://www.w3.org/TR/xhtml1/DTD/xhtml1-transitional.dtd">
<html xmlns="http://www.w3.org/1999/xhtml" xml:lang="en" lang="en">
 <head>
  <title>
</title>
<meta http-equiv="Content-Type" content="text/html;charset=utf-8" />
  <meta name='ocr-system' content='tesseract 3.04.00' />
  <meta name='ocr-capabilities' content='ocr_page ocr_carea ocr_par ocr_line ocrx_word'/>
</head>
<body>
  <div class='ocr_page' id='page_1' title='image "./heinricichronic00arndgoog_0207.png"; bbox 0 0 3084 5018; ppageno 0'>
   <div class='ocr_carea' id='block_1_1' title="bbox 338 362 1334 500">
    <p class='ocr_par' dir='ltr' id='par_1_1' title="bbox 338 362 1334 510">
     <span class='ocr_line' id='line_1_1' title="bbox 338 362 1334 500; baseline 0.008 -8"><span class='ocrx_word' id='word_1_1' title='bbox 338 420 549 495; x_wconf 83' lang='lat' dir='ltr'><strong>HEINRICI</strong></span> <span class='ocrx_word' id='word_1_2' title='bbox 576 421 853 497; x_wconf 86' lang='lat' dir='ltr'><strong>CHRONICON</strong></span> <span class='ocrx_word' id='word_1_3' title='bbox 879 362 1143 500; x_wconf 78' lang='lat' dir='ltr'>LYVONIAE..</span> <span class='ocrx_word' id='word_1_4' title='bbox 1205 428 1274 500; x_wconf 80' lang='lat'>179</span> <span class='ocrx_word' id='word_1_5' title='bbox 1331 433 1334 450; x_wconf 65' lang='lat'>⁴</span> 
     </span>
    </p>
   </div>
   <div class='ocr_carea' id='block_1_2' title="bbox 155 620 1361 3950">
    <p class='ocr_par' dir='ltr' id='par_1_2' title="bbox 155 620 1361 3950">
     <span class='ocr_line' id='line_1_2' title="bbox 184 620 1273 723; baseline 0.006 -31"><span class='ocrx_word' id='word_1_6' title='bbox 184 620 404 719; x_wconf 72' lang='lat' dir='ltr'>nonaginta,</span> <span class='ocrx_word' id='word_1_7' title='bbox 430 648 666 722; x_wconf 84' lang='lat' dir='ltr'>paganorum</span> <span class='ocrx_word' id='word_1_8' title='bbox 685 650 772 698; x_wconf 87' lang='lat' dir='ltr'>vero</span> <span class='ocrx_word' id='word_1_9' title='bbox 793 626 971 723; x_wconf 78' lang='lat' dir='ltr'>sexcenti,</span> <span class='ocrx_word' id='word_1_10' title='bbox 997 626 1273 701; x_wconf 80' lang='lat' dir='ltr'>multitudinem</span> 
     </span>
     <span class='ocr_line' id='line_1_3' title="bbox 186 723 1274 827; baseline 0.006 -33"><span class='ocrx_word' id='word_1_11' title='bbox 186 745 318 795; x_wconf 88' lang='lat' dir='ltr'>eorum</span> <span class='ocrx_word' id='word_1_12' title='bbox 345 723 589 798; x_wconf 83' lang='lat' dir='ltr'>formidantes</span> <span class='ocrx_word' id='word_1_13' title='bbox 617 725 779 823; x_wconf 82' lang='lat' dir='ltr'>quidem,</span> <span class='ocrx_word' id='word_1_14' title='bbox 806 728 871 800; x_wconf 91' lang='lat' dir='ltr'>sed</span> <span class='ocrx_word' id='word_1_15' title='bbox 899 751 1004 827; x_wconf 90' lang='lat' dir='ltr'>spem</span> <span class='ocrx_word' id='word_1_16' title='bbox 1023 737 1142 800; x_wconf 88' lang='lat' dir='ltr'>totam</span> <span class='ocrx_word' id='word_1_17' title='bbox 1161 752 1274 827; x_wconf 91' lang='lat' dir='ltr'>pone·</span> 
     </span>
     <span class='ocr_line' id='line_1_4' title="bbox 184 822 1274 904; baseline 0.006 -10"><span class='ocrx_word' id='word_1_18' title='bbox 184 824 276 896; x_wconf 89' lang='lat' dir='ltr'>bant</span> <span class='ocrx_word' id='word_1_19' title='bbox 301 822 338 895; x_wconf 94' lang='lat' dir='ltr'>ln</span> <span class='ocrx_word' id='word_1_20' title='bbox 365 823 526 897; x_wconf 91' lang='lat' dir='ltr'>Domino</span> <span class='ocrx_word' id='word_1_21' title='bbox 547 836 584 899; x_wconf 90' lang='lat' dir='ltr'>et</span> <span class='ocrx_word' id='word_1_22' title='bbox 602 827 779 902; x_wconf 86' lang='lat' dir='ltr'>audacter</span> <span class='ocrx_word' id='word_1_23' title='bbox 797 827 843 900; x_wconf 91' lang='lat' dir='ltr'>ad</span> <span class='ocrx_word' id='word_1_24' title='bbox 863 851 928 902; x_wconf 91' lang='lat' dir='ltr'>eos</span> <span class='ocrx_word' id='word_1_25' title='bbox 948 828 1141 904; x_wconf 92' lang='lat' dir='ltr'>accedunt.</span> <span class='ocrx_word' id='word_1_26' title='bbox 1190 827 1274 902; x_wconf 89' lang='lat' dir='ltr'>Let-</span> 
     </span>
     <span class='ocr_line' id='line_1_5' title="bbox 183 926 1274 1026; baseline 0.006 -30"><span class='ocrx_word' id='word_1_27' title='bbox 183 933 292 998; x_wconf 90' lang='lat' dir='ltr'>tones</span> <span class='ocrx_word' id='word_1_28' title='bbox 312 949 460 1022; x_wconf 86' lang='lat' dir='ltr'>quoque</span> <span class='ocrx_word' id='word_1_29' title='bbox 478 926 646 1001; x_wconf 90' lang='lat' dir='ltr'>videntes</span> <span class='ocrx_word' id='word_1_30' title='bbox 665 952 731 1000; x_wconf 93' lang='lat' dir='ltr'>eos</span> <span class='ocrx_word' id='word_1_31' title='bbox 751 929 796 1000; x_wconf 89' lang='lat' dir='ltr'>ad</span> <span class='ocrx_word' id='word_1_32' title='bbox 816 951 857 1002; x_wconf 88' lang='lat' dir='ltr'>sc</span> <span class='ocrx_word' id='word_1_33' title='bbox 870 928 1076 1026; x_wconf 79' lang='lat' dir='ltr'>venienteS,</span> <span class='ocrx_word' id='word_1_34' title='bbox 1102 927 1274 1002; x_wconf 88' lang='lat' dir='ltr'>ordinant</span> 
     </span>
     <span class='ocr_line' id='line_1_6' title="bbox 184 1025 1273 1125; baseline 0.004 -27"><span class='ocrx_word' id='word_1_35' title='bbox 184 1025 390 1099; x_wconf 86' lang='lat' dir='ltr'>exereitum</span> <span class='ocrx_word' id='word_1_36' title='bbox 415 1050 526 1099; x_wconf 88' lang='lat' dir='ltr'>suum</span> <span class='ocrx_word' id='word_1_37' title='bbox 545 1052 590 1101; x_wconf 88' lang='lat' dir='ltr'>ex</span> <span class='ocrx_word' id='word_1_38' title='bbox 617 1029 787 1125; x_wconf 84' lang='lat' dir='ltr'>adverso,</span> <span class='ocrx_word' id='word_1_39' title='bbox 815 1039 853 1103; x_wconf 88' lang='lat' dir='ltr'>et</span> <span class='ocrx_word' id='word_1_40' title='bbox 880 1030 1060 1114; x_wconf 88' lang='lat' dir='ltr'>ducentos</span> <span class='ocrx_word' id='word_1_41' title='bbox 1079 1053 1125 1104; x_wconf 87' lang='lat' dir='ltr'>ex</span> <span class='ocrx_word' id='word_1_42' title='bbox 1142 1030 1273 1103; x_wconf 91' lang='lat' dir='ltr'>melio·</span> 
     </span>
     <span class='ocr_line' id='line_1_7' title="bbox 182 1125 1273 1228; baseline 0.004 -30"><span class='ocrx_word' id='word_1_43' title='bbox 182 1125 284 1200; x_wconf 91' lang='lat' dir='ltr'>ribus</span> <span class='ocrx_word' id='word_1_44' title='bbox 305 1127 488 1225; x_wconf 89' lang='lat' dir='ltr'>equitibus</span> <span class='ocrx_word' id='word_1_45' title='bbox 507 1127 585 1201; x_wconf 90' lang='lat' dir='ltr'>suis</span> <span class='ocrx_word' id='word_1_46' title='bbox 610 1129 769 1202; x_wconf 85' lang='lat' dir='ltr'>seorsim</span> <span class='ocrx_word' id='word_1_47' title='bbox 789 1140 1009 1226; x_wconf 79' lang='lat' dir='ltr'>statuenteS,</span> <span class='ocrx_word' id='word_1_48' title='bbox 1036 1130 1172 1228; x_wconf 83' lang='lat' dir='ltr'>utipsi</span> <span class='ocrx_word' id='word_1_49' title='bbox 1190 1156 1273 1228; x_wconf 88' lang='lat' dir='ltr'>per·</span> 
     </span>
     <span class='ocr_line' id='line_1_8' title="bbox 180 1227 1272 1329; baseline 0.005 -30"><span class='ocrx_word' id='word_1_50' title='bbox 180 1239 388 1325; x_wconf 88' lang='lat' dir='ltr'>sequantur</span> <span class='ocrx_word' id='word_1_51' title='bbox 406 1227 685 1302; x_wconf 68' lang='lat' dir='ltr'>Theutbo&#39;nicos</span> <span class='ocrx_word' id='word_1_52' title='bbox 704 1231 903 1329; x_wconf 83' lang='lat' dir='ltr'>fugientes.</span> <span class='ocrx_word' id='word_1_53' title='bbox 941 1231 1064 1305; x_wconf 89' lang='lat' dir='ltr'>Ceteri</span> <span class='ocrx_word' id='word_1_54' title='bbox 1084 1255 1215 1306; x_wconf 90' lang='lat' dir='ltr'>omnes</span> <span class='ocrx_word' id='word_1_55' title='bbox 1233 1231 1272 1304; x_wconf 91' lang='lat' dir='ltr'>in</span> 
     </span>
     <span class='ocr_line' id='line_1_9' title="bbox 181 1330 1269 1428; baseline 0.005 -28"><span class='ocrx_word' id='word_1_56' title='bbox 181 1352 321 1427; x_wconf 82' lang='lat' dir='ltr'>magna</span> <span class='ocrx_word' id='word_1_57' title='bbox 346 1332 456 1402; x_wconf 89' lang='lat' dir='ltr'>turba</span> <span class='ocrx_word' id='word_1_58' title='bbox 473 1330 625 1404; x_wconf 88' lang='lat' dir='ltr'>veniunt</span> <span class='ocrx_word' id='word_1_59' title='bbox 651 1331 797 1405; x_wconf 88' lang='lat' dir='ltr'>obviam</span> <span class='ocrx_word' id='word_1_60' title='bbox 823 1331 1103 1428; x_wconf 75' lang='lat' dir='ltr'>TheuthoniciS,</span> <span class='ocrx_word' id='word_1_61' title='bbox 1130 1343 1168 1406; x_wconf 89' lang='lat' dir='ltr'>et</span> <span class='ocrx_word' id='word_1_62' title='bbox 1194 1357 1269 1405; x_wconf 92' lang='lat' dir='ltr'>non</span> 
     </span>
     <span class='ocr_line' id='line_1_10' title="bbox 181 1430 1269 1532; baseline 0.005 -32"><span class='ocrx_word' id='word_1_63' title='bbox 181 1440 357 1526; x_wconf 89' lang='lat' dir='ltr'>poterant</span> <span class='ocrx_word' id='word_1_64' title='bbox 392 1430 638 1505; x_wconf 89' lang='lat' dir='ltr'>Theuthonici</span> <span class='ocrx_word' id='word_1_65' title='bbox 673 1442 827 1531; x_wconf 90' lang='lat' dir='ltr'>propter</span> <span class='ocrx_word' id='word_1_66' title='bbox 856 1433 1084 1532; x_wconf 87' lang='lat' dir='ltr'>paucitatem</span> <span class='ocrx_word' id='word_1_67' title='bbox 1115 1457 1269 1506; x_wconf 90' lang='lat' dir='ltr'>suorum</span> 
     </span>
     <span class='ocr_line' id='line_1_11' title="bbox 180 1532 1268 1632; baseline 0.006 -31"><span class='ocrx_word' id='word_1_68' title='bbox 180 1555 351 1628; x_wconf 86' lang='lat' dir='ltr'>pugnare</span> <span class='ocrx_word' id='word_1_69' title='bbox 376 1555 461 1603; x_wconf 93' lang='lat' dir='ltr'>cum</span> <span class='ocrx_word' id='word_1_70' title='bbox 489 1532 556 1630; x_wconf 88' lang='lat' dir='ltr'>eis,</span> <span class='ocrx_word' id='word_1_71' title='bbox 588 1533 653 1607; x_wconf 92' lang='lat' dir='ltr'>sed</span> <span class='ocrx_word' id='word_1_72' title='bbox 681 1532 861 1632; x_wconf 83' lang='lat' dir='ltr'>pugnavit</span> <span class='ocrx_word' id='word_1_73' title='bbox 884 1534 961 1631; x_wconf 86' lang='lat' dir='ltr'>ille,</span> <span class='ocrx_word' id='word_1_74' title='bbox 992 1534 1054 1632; x_wconf 90' lang='lat' dir='ltr'>qui</span> <span class='ocrx_word' id='word_1_75' title='bbox 1081 1534 1268 1631; x_wconf 90' lang='lat' dir='ltr'>quondam</span> 
     </span>
     <span class='ocr_line' id='line_1_12' title="bbox 180 1631 1270 1733; baseline 0.005 -31"><span class='ocrx_word' id='word_1_76' title='bbox 180 1631 282 1728; x_wconf 82' lang='lat' dir='ltr'>fecit,</span> <span class='ocrx_word' id='word_1_77' title='bbox 310 1642 351 1704; x_wconf 89' lang='lat' dir='ltr'>ut</span> <span class='ocrx_word' id='word_1_78' title='bbox 379 1656 474 1704; x_wconf 91' lang='lat' dir='ltr'>unus</span> <span class='ocrx_word' id='word_1_79' title='bbox 501 1644 792 1731; x_wconf 87' lang='lat' dir='ltr'>persequeretur</span> <span class='ocrx_word' id='word_1_80' title='bbox 808 1634 913 1709; x_wconf 91' lang='lat' dir='ltr'>mille</span> <span class='ocrx_word' id='word_1_81' title='bbox 932 1645 969 1710; x_wconf 91' lang='lat' dir='ltr'>et</span> <span class='ocrx_word' id='word_1_82' title='bbox 994 1637 1067 1708; x_wconf 89' lang='lat' dir='ltr'>duo</span> <span class='ocrx_word' id='word_1_83' title='bbox 1094 1636 1270 1733; x_wconf 83' lang='lat' dir='ltr'>fugarent</span> 
     </span>
     <span class='ocr_line' id='line_1_13' title="bbox 181 1731 1267 1831; baseline 0.006 -29"><span class='ocrx_word' id='word_1_84' title='bbox 181 1732 311 1807; x_wconf 90' lang='lat' dir='ltr'>decem</span> <span class='ocrx_word' id='word_1_85' title='bbox 337 1731 489 1806; x_wconf 68' lang='lat' dir='ltr'>miliatt.</span> <span class='ocrx_word' id='word_1_86' title='bbox 538 1734 578 1806; x_wconf 94' lang='lat' dir='ltr'>ln</span> <span class='ocrx_word' id='word_1_87' title='bbox 598 1759 669 1831; x_wconf 92' lang='lat' dir='ltr'>quo</span> <span class='ocrx_word' id='word_1_88' title='bbox 690 1733 930 1830; x_wconf 78' lang='lat' dir='ltr'>confidenteS,</span> <span class='ocrx_word' id='word_1_89' title='bbox 958 1736 1104 1822; x_wconf 90' lang='lat' dir='ltr'>elevato</span> <span class='ocrx_word' id='word_1_90' title='bbox 1130 1735 1267 1809; x_wconf 85' lang='lat' dir='ltr'>vexillo</span> 
     </span>
     <span class='ocr_line' id='line_1_14' title="bbox 180 1834 1268 1933; baseline 0.004 -29"><span class='ocrx_word' id='word_1_91' title='bbox 180 1834 482 1931; x_wconf 87' lang='lat' dir='ltr'>appropinquant</span> <span class='ocrx_word' id='word_1_92' title='bbox 497 1834 542 1906; x_wconf 90' lang='lat' dir='ltr'>ad</span> <span class='ocrx_word' id='word_1_93' title='bbox 558 1859 637 1933; x_wconf 77' lang='lat' dir='ltr'>eoS,</span> <span class='ocrx_word' id='word_1_94' title='bbox 656 1846 693 1908; x_wconf 92' lang='lat' dir='ltr'>et</span> <span class='ocrx_word' id='word_1_95' title='bbox 707 1835 984 1910; x_wconf 86' lang='lat' dir='ltr'>committentes</span> <span class='ocrx_word' id='word_1_96' title='bbox 998 1836 1159 1933; x_wconf 87' lang='lat' dir='ltr'>prelium</span> <span class='ocrx_word' id='word_1_97' title='bbox 1174 1835 1268 1909; x_wconf 92' lang='lat' dir='ltr'>ceci-</span> 
     </span>
     <span class='ocr_line' id='line_1_15' title="bbox 178 1933 1266 2036; baseline 0.005 -33"><span class='ocrx_word' id='word_1_98' title='bbox 178 1933 315 2007; x_wconf 90' lang='lat' dir='ltr'>derunt</span> <span class='ocrx_word' id='word_1_99' title='bbox 338 1935 460 2036; x_wconf 79' lang='lat' dir='ltr'>primo</span> <span class='ocrx_word' id='word_1_100' title='bbox 488 1946 566 2007; x_wconf 90' lang='lat' dir='ltr'>tam</span> <span class='ocrx_word' id='word_1_101' title='bbox 599 1960 645 2010; x_wconf 88' lang='lat' dir='ltr'>ex</span> <span class='ocrx_word' id='word_1_102' title='bbox 676 1935 751 2008; x_wconf 90' lang='lat' dir='ltr'>illis</span> <span class='ocrx_word' id='word_1_103' title='bbox 776 1961 887 2033; x_wconf 92' lang='lat' dir='ltr'>quam</span> <span class='ocrx_word' id='word_1_104' title='bbox 913 1936 1082 2034; x_wconf 81' lang='lat' dir='ltr'>existis,</span> <span class='ocrx_word' id='word_1_105' title='bbox 1116 1947 1153 2010; x_wconf 92' lang='lat' dir='ltr'>et</span> <span class='ocrx_word' id='word_1_106' title='bbox 1180 1961 1266 2009; x_wconf 90' lang='lat' dir='ltr'>cum</span> 
     </span>
     <span class='ocr_line' id='line_1_16' title="bbox 178 2034 1272 2135; baseline 0.002 -28"><span class='ocrx_word' id='word_1_107' title='bbox 178 2044 281 2108; x_wconf 90' lang='lat' dir='ltr'>esset</span> <span class='ocrx_word' id='word_1_108' title='bbox 298 2034 358 2108; x_wconf 87' lang='lat' dir='ltr'>via</span> <span class='ocrx_word' id='word_1_109' title='bbox 376 2035 505 2108; x_wconf 89' lang='lat' dir='ltr'>stricta</span> <span class='ocrx_word' id='word_1_110' title='bbox 533 2047 688 2135; x_wconf 88' lang='lat' dir='ltr'>propter</span> <span class='ocrx_word' id='word_1_111' title='bbox 705 2037 849 2132; x_wconf 86' lang='lat' dir='ltr'>sylvam</span> <span class='ocrx_word' id='word_1_112' title='bbox 875 2037 1120 2134; x_wconf 86' lang='lat' dir='ltr'>adiacentem,</span> <span class='ocrx_word' id='word_1_113' title='bbox 1146 2037 1272 2122; x_wconf 43' lang='lat' dir='ltr'>Thea,</span> 
     </span>
     <span class='ocr_line' id='line_1_17' title="bbox 177 2135 1266 2235; baseline 0.002 -27"><span class='ocrx_word' id='word_1_114' title='bbox 177 2135 317 2209; x_wconf 87' lang='lat' dir='ltr'>thonici</span> <span class='ocrx_word' id='word_1_115' title='bbox 336 2137 458 2234; x_wconf 89' lang='lat' dir='ltr'>primo</span> <span class='ocrx_word' id='word_1_116' title='bbox 484 2148 667 2211; x_wconf 90' lang='lat' dir='ltr'>venerunt</span> <span class='ocrx_word' id='word_1_117' title='bbox 693 2138 739 2210; x_wconf 90' lang='lat' dir='ltr'>ad</span> <span class='ocrx_word' id='word_1_118' title='bbox 757 2137 929 2235; x_wconf 81' lang='lat' dir='ltr'>prelium,</span> <span class='ocrx_word' id='word_1_119' title='bbox 958 2150 994 2212; x_wconf 91' lang='lat' dir='ltr'>et</span> <span class='ocrx_word' id='word_1_120' title='bbox 1018 2139 1115 2212; x_wconf 91' lang='lat' dir='ltr'>Letti</span> <span class='ocrx_word' id='word_1_121' title='bbox 1133 2162 1266 2212; x_wconf 91' lang='lat' dir='ltr'>omnes</span> 
     </span>
     <span class='ocr_line' id='line_1_18' title="bbox 176 2238 1267 2336; baseline 0.001 -28"><span class='ocrx_word' id='word_1_122' title='bbox 176 2239 500 2334; x_wconf 87' lang='lat' dir='ltr'>subsequebantur</span> <span class='ocrx_word' id='word_1_123' title='bbox 517 2238 744 2336; x_wconf 84' lang='lat' dir='ltr'>clamantes,</span> <span class='ocrx_word' id='word_1_124' title='bbox 764 2238 861 2312; x_wconf 89' lang='lat' dir='ltr'>sicut</span> <span class='ocrx_word' id='word_1_125' title='bbox 875 2240 995 2314; x_wconf 89' lang='lat' dir='ltr'>edocti</span> <span class='ocrx_word' id='word_1_126' title='bbox 1012 2241 1173 2334; x_wconf 82' lang='lat' dir='ltr'>fuerant,</span> <span class='ocrx_word' id='word_1_127' title='bbox 1198 2239 1267 2310; x_wconf 93' lang='lat' dir='ltr'>lin-</span> 
     </span>
     <span class='ocr_line' id='line_1_19' title="bbox 176 2338 1266 2438; baseline 0.002 -29"><span class='ocrx_word' id='word_1_128' title='bbox 176 2363 253 2436; x_wconf 79' lang='lat' dir='ltr'>gua</span> <span class='ocrx_word' id='word_1_129' title='bbox 277 2338 633 2436; x_wconf 84' lang='lat' dir='ltr'>Theuthonicorum,</span> <span class='ocrx_word' id='word_1_130' title='bbox 659 2350 700 2411; x_wconf 91' lang='lat' dir='ltr'>ut</span> <span class='ocrx_word' id='word_1_131' title='bbox 723 2351 913 2438; x_wconf 87' lang='lat' dir='ltr'>caperent,</span> <span class='ocrx_word' id='word_1_132' title='bbox 939 2350 1127 2438; x_wconf 88' lang='lat' dir='ltr'>raperent,</span> <span class='ocrx_word' id='word_1_133' title='bbox 1154 2340 1266 2413; x_wconf 88' lang='lat' dir='ltr'>inter-</span> 
     </span>
     <span class='ocr_line' id='line_1_20' title="bbox 176 2437 1265 2537; baseline 0.002 -27"><span class='ocrx_word' id='word_1_134' title='bbox 176 2437 343 2512; x_wconf 89' lang='lat' dir='ltr'>ficerent.</span> <span class='ocrx_word' id='word_1_135' title='bbox 398 2438 480 2527; x_wconf 85' lang='lat' dir='ltr'>Quo</span> <span class='ocrx_word' id='word_1_136' title='bbox 513 2439 678 2513; x_wconf 89' lang='lat' dir='ltr'>clamore</span> <span class='ocrx_word' id='word_1_137' title='bbox 708 2440 820 2511; x_wconf 89' lang='lat' dir='ltr'>nimis</span> <span class='ocrx_word' id='word_1_138' title='bbox 849 2441 969 2514; x_wconf 89' lang='lat' dir='ltr'>territi</span> <span class='ocrx_word' id='word_1_139' title='bbox 999 2441 1191 2537; x_wconf 79' lang='lat' dir='ltr'>LettoneS,</span> <span class='ocrx_word' id='word_1_140' title='bbox 1227 2451 1265 2514; x_wconf 91' lang='lat' dir='ltr'>et</span> 
     </span>
     <span class='ocr_line' id='line_1_21' title="bbox 176 2539 1266 2640; baseline 0.002 -30"><span class='ocrx_word' id='word_1_141' title='bbox 176 2548 352 2636; x_wconf 90' lang='lat' dir='ltr'>putantes</span> <span class='ocrx_word' id='word_1_142' title='bbox 380 2541 518 2613; x_wconf 91' lang='lat' dir='ltr'>multos</span> <span class='ocrx_word' id='word_1_143' title='bbox 543 2541 649 2637; x_wconf 92' lang='lat' dir='ltr'>sequi</span> <span class='ocrx_word' id='word_1_144' title='bbox 667 2541 958 2640; x_wconf 82' lang='lat' dir='ltr'>Theuthonicos,</span> <span class='ocrx_word' id='word_1_145' title='bbox 982 2539 1151 2615; x_wconf 86' lang='lat' dir='ltr'>conversi</span> <span class='ocrx_word' id='word_1_146' title='bbox 1177 2553 1266 2612; x_wconf 90' lang='lat' dir='ltr'>sunt</span> 
     </span>
     <span class='ocr_line' id='line_1_22' title="bbox 175 2639 1262 2738; baseline 0.003 -27"><span class='ocrx_word' id='word_1_147' title='bbox 175 2639 215 2712; x_wconf 88' lang='lat' dir='ltr'>in</span> <span class='ocrx_word' id='word_1_148' title='bbox 237 2641 379 2738; x_wconf 82' lang='lat' dir='ltr'>fugam,</span> <span class='ocrx_word' id='word_1_149' title='bbox 412 2651 450 2716; x_wconf 92' lang='lat' dir='ltr'>et</span> <span class='ocrx_word' id='word_1_150' title='bbox 472 2641 605 2715; x_wconf 89' lang='lat' dir='ltr'>cecidit</span> <span class='ocrx_word' id='word_1_151' title='bbox 630 2641 858 2714; x_wconf 87' lang='lat' dir='ltr'>fortissimus</span> <span class='ocrx_word' id='word_1_152' title='bbox 885 2668 1016 2716; x_wconf 92' lang='lat' dir='ltr'>eorum</span> <span class='ocrx_word' id='word_1_153' title='bbox 1042 2653 1079 2716; x_wconf 91' lang='lat' dir='ltr'>et</span> <span class='ocrx_word' id='word_1_154' title='bbox 1106 2667 1152 2716; x_wconf 89' lang='lat' dir='ltr'>ex</span> <span class='ocrx_word' id='word_1_155' title='bbox 1179 2641 1262 2714; x_wconf 88' lang='lat' dir='ltr'>aliis</span> 
     </span>
     <span class='ocr_line' id='line_1_23' title="bbox 174 2741 1265 2841; baseline 0.002 -29"><span class='ocrx_word' id='word_1_156' title='bbox 174 2741 256 2815; x_wconf 86' lang='lat' dir='ltr'>fere</span> <span class='ocrx_word' id='word_1_157' title='bbox 275 2753 438 2838; x_wconf 89' lang='lat' dir='ltr'>centum,</span> <span class='ocrx_word' id='word_1_158' title='bbox 465 2752 502 2815; x_wconf 91' lang='lat' dir='ltr'>et</span> <span class='ocrx_word' id='word_1_159' title='bbox 527 2742 642 2820; x_wconf 85' lang='lat' dir='ltr'>ceteri</span> <span class='ocrx_word' id='word_1_160' title='bbox 660 2742 837 2841; x_wconf 89' lang='lat' dir='ltr'>proiectis</span> <span class='ocrx_word' id='word_1_161' title='bbox 860 2743 974 2816; x_wconf 89' lang='lat' dir='ltr'>armis</span> <span class='ocrx_word' id='word_1_162' title='bbox 1001 2745 1179 2841; x_wconf 80' lang='lat' dir='ltr'>fugerunt</span> <span class='ocrx_word' id='word_1_163' title='bbox 1196 2768 1265 2840; x_wconf 90' lang='lat' dir='ltr'>per</span> 
     </span>
     <span class='ocr_line' id='line_1_24' title="bbox 155 2842 1264 2941; baseline 0.002 -27"><span class='ocrx_word' id='word_1_164' title='bbox 155 2842 301 2915; x_wconf 83' lang='lat' dir='ltr'>silvas.</span> <span class='ocrx_word' id='word_1_165' title='bbox 362 2842 410 2916; x_wconf 83' lang='lat' dir='ltr'>Et</span> <span class='ocrx_word' id='word_1_166' title='bbox 440 2843 674 2941; x_wconf 82' lang='lat' dir='ltr'>collegerunt</span> <span class='ocrx_word' id='word_1_167' title='bbox 704 2843 949 2918; x_wconf 89' lang='lat' dir='ltr'>Theuthonici</span> <span class='ocrx_word' id='word_1_168' title='bbox 983 2844 1120 2916; x_wconf 89' lang='lat' dir='ltr'>omnia</span> <span class='ocrx_word' id='word_1_169' title='bbox 1140 2843 1264 2941; x_wconf 90' lang='lat' dir='ltr'>spolia</span> 
     </span>
     <span class='ocr_line' id='line_1_25' title="bbox 173 2945 1263 3044; baseline 0 -28"><span class='ocrx_word' id='word_1_170' title='bbox 173 2966 320 3041; x_wconf 89' lang='lat' dir='ltr'>eorum,</span> <span class='ocrx_word' id='word_1_171' title='bbox 348 2953 474 3040; x_wconf 90' lang='lat' dir='ltr'>etque</span> <span class='ocrx_word' id='word_1_172' title='bbox 493 2967 622 3018; x_wconf 91' lang='lat' dir='ltr'>secum</span> <span class='ocrx_word' id='word_1_173' title='bbox 640 2945 740 3018; x_wconf 77' lang='lat' dir='ltr'>ferre</span> <span class='ocrx_word' id='word_1_174' title='bbox 758 2969 833 3018; x_wconf 94' lang='lat' dir='ltr'>non</span> <span class='ocrx_word' id='word_1_175' title='bbox 851 2955 1037 3044; x_wconf 88' lang='lat' dir='ltr'>poterant,</span> <span class='ocrx_word' id='word_1_176' title='bbox 1056 2945 1143 3043; x_wconf 82' lang='lat' dir='ltr'>igne</span> <span class='ocrx_word' id='word_1_177' title='bbox 1162 2968 1263 3016; x_wconf 88' lang='lat' dir='ltr'>oom-</span> 
     </span>
     <span class='ocr_line' id='line_1_26' title="bbox 174 3044 1263 3145; baseline 0.002 -31"><span class='ocrx_word' id='word_1_178' title='bbox 174 3045 389 3140; x_wconf 86' lang='lat' dir='ltr'>busserunt,</span> <span class='ocrx_word' id='word_1_179' title='bbox 409 3054 446 3117; x_wconf 91' lang='lat' dir='ltr'>et</span> <span class='ocrx_word' id='word_1_180' title='bbox 464 3069 509 3118; x_wconf 89' lang='lat' dir='ltr'>ex</span> <span class='ocrx_word' id='word_1_181' title='bbox 524 3044 628 3142; x_wconf 87' lang='lat' dir='ltr'>equis</span> <span class='ocrx_word' id='word_1_182' title='bbox 647 3045 797 3118; x_wconf 89' lang='lat' dir='ltr'>illorum</span> <span class='ocrx_word' id='word_1_183' title='bbox 813 3047 1174 3145; x_wconf 88' lang='lat' dir='ltr'>comprehendentes</span> <span class='ocrx_word' id='word_1_184' title='bbox 1194 3045 1263 3118; x_wconf 93' lang='lat' dir='ltr'>cir·</span> 
     </span>
     <span class='ocr_line' id='line_1_27' title="bbox 171 3143 1361 3244; baseline 0.001 -27"><span class='ocrx_word' id='word_1_185' title='bbox 171 3143 269 3218; x_wconf 87' lang='lat' dir='ltr'>citer</span> <span class='ocrx_word' id='word_1_186' title='bbox 295 3144 598 3244; x_wconf 84' lang='lat' dir='ltr'>quadringentos,</span> <span class='ocrx_word' id='word_1_187' title='bbox 624 3169 755 3220; x_wconf 90' lang='lat' dir='ltr'>secum</span> <span class='ocrx_word' id='word_1_188' title='bbox 779 3148 1023 3243; x_wconf 85' lang='lat' dir='ltr'>deduxerunt,</span> <span class='ocrx_word' id='word_1_189' title='bbox 1054 3147 1161 3220; x_wconf 93' lang='lat' dir='ltr'>illum</span> <span class='ocrx_word' id='word_1_190' title='bbox 1189 3147 1264 3219; x_wconf 90' lang='lat' dir='ltr'>col·</span> <span class='ocrx_word' id='word_1_191' title='bbox 1331 3213 1332 3216; x_wconf 74' lang='grc'>,</span> <span class='ocrx_word' id='word_1_192' title='bbox 1358 3181 1361 3186; x_wconf 95' lang='grc'><strong><em>·</em></strong></span> 
     </span>
     <span class='ocr_line' id='line_1_28' title="bbox 172 3245 1263 3346; baseline 0.002 -30"><span class='ocrx_word' id='word_1_193' title='bbox 172 3245 384 3341; x_wconf 88' lang='lat' dir='ltr'>laudantes,</span> <span class='ocrx_word' id='word_1_194' title='bbox 411 3245 473 3342; x_wconf 89' lang='lat' dir='ltr'>qui</span> <span class='ocrx_word' id='word_1_195' title='bbox 499 3272 566 3343; x_wconf 87' lang='lat' dir='ltr'>pro</span> <span class='ocrx_word' id='word_1_196' title='bbox 594 3247 648 3320; x_wconf 89' lang='lat' dir='ltr'>eis</span> <span class='ocrx_word' id='word_1_197' title='bbox 673 3247 866 3346; x_wconf 83' lang='lat' dir='ltr'>pugnavit.</span> <span class='ocrx_word' id='word_1_198' title='bbox 915 3248 970 3320; x_wconf 82' lang='lat' dir='ltr'>Ex</span> <span class='ocrx_word' id='word_1_199' title='bbox 995 3247 1263 3323; x_wconf 84' lang='lat' dir='ltr'>Theuthonicis</span> 
     </span>
     <span class='ocr_line' id='line_1_29' title="bbox 170 3346 1260 3446; baseline 0.004 -28"><span class='ocrx_word' id='word_1_200' title='bbox 170 3356 303 3419; x_wconf 91' lang='lat' dir='ltr'>autem</span> <span class='ocrx_word' id='word_1_201' title='bbox 329 3358 406 3421; x_wconf 90' lang='lat' dir='ltr'>tres</span> <span class='ocrx_word' id='word_1_202' title='bbox 431 3346 569 3419; x_wconf 89' lang='lat' dir='ltr'>ibidem</span> <span class='ocrx_word' id='word_1_203' title='bbox 598 3357 684 3418; x_wconf 94' lang='lat' dir='ltr'>sunt</span> <span class='ocrx_word' id='word_1_204' title='bbox 707 3348 913 3445; x_wconf 79' lang='lat' dir='ltr'>interfecti,</span> <span class='ocrx_word' id='word_1_205' title='bbox 949 3372 1109 3446; x_wconf 91' lang='lat' dir='ltr'>quorum</span> <span class='ocrx_word' id='word_1_206' title='bbox 1137 3347 1260 3422; x_wconf 89' lang='lat' dir='ltr'>anime</span> 
     </span>
     <span class='ocr_line' id='line_1_30' title="bbox 170 3447 1260 3546; baseline 0.001 -26"><span class='ocrx_word' id='word_1_207' title='bbox 170 3471 262 3520; x_wconf 87' lang='lat' dir='ltr'>cum</span> <span class='ocrx_word' id='word_1_208' title='bbox 281 3447 430 3520; x_wconf 88' lang='lat' dir='ltr'>Christo</span> <span class='ocrx_word' id='word_1_209' title='bbox 449 3447 686 3544; x_wconf 90' lang='lat' dir='ltr'>requiescant</span> <span class='ocrx_word' id='word_1_210' title='bbox 702 3447 740 3520; x_wconf 91' lang='lat' dir='ltr'>in</span> <span class='ocrx_word' id='word_1_211' title='bbox 759 3473 863 3546; x_wconf 91' lang='lat' dir='ltr'>pace.</span> <span class='ocrx_word' id='word_1_212' title='bbox 899 3450 1030 3521; x_wconf 88' lang='lat' dir='ltr'>Amen.</span> <span class='ocrx_word' id='word_1_213' title='bbox 1083 3447 1260 3521; x_wconf 91' lang='lat' dir='ltr'>Lettones</span> 
     </span>
     <span class='ocr_line' id='line_1_31' title="bbox 172 3547 1260 3647; baseline 0.003 -27"><span class='ocrx_word' id='word_1_214' title='bbox 172 3547 238 3645; x_wconf 91' lang='lat' dir='ltr'>qui</span> <span class='ocrx_word' id='word_1_215' title='bbox 262 3559 460 3644; x_wconf 84' lang='lat' dir='ltr'>evaserant</span> <span class='ocrx_word' id='word_1_216' title='bbox 487 3572 555 3647; x_wconf 89' lang='lat' dir='ltr'>per</span> <span class='ocrx_word' id='word_1_217' title='bbox 581 3547 713 3646; x_wconf 78' lang='lat' dir='ltr'>silvaS,</span> <span class='ocrx_word' id='word_1_218' title='bbox 749 3573 835 3622; x_wconf 89' lang='lat' dir='ltr'>cum</span> <span class='ocrx_word' id='word_1_219' title='bbox 862 3559 964 3623; x_wconf 85' lang='lat' dir='ltr'>esset</span> <span class='ocrx_word' id='word_1_220' title='bbox 988 3549 1063 3621; x_wconf 89' lang='lat' dir='ltr'>iam</span> <span class='ocrx_word' id='word_1_221' title='bbox 1089 3559 1260 3646; x_wconf 88' lang='lat' dir='ltr'>tempore</span> 
     </span>
     <span class='ocr_line' id='line_1_32' title="bbox 173 3647 1260 3746; baseline -0.001 -26"><span class='ocrx_word' id='word_1_222' title='bbox 173 3649 352 3744; x_wconf 87' lang='lat' dir='ltr'>hyemali,</span> <span class='ocrx_word' id='word_1_223' title='bbox 387 3674 453 3746; x_wconf 93' lang='lat' dir='ltr'>pre</span> <span class='ocrx_word' id='word_1_224' title='bbox 485 3647 703 3723; x_wconf 85' lang='lat' dir='ltr'>difficultate</span> <span class='ocrx_word' id='word_1_225' title='bbox 733 3649 914 3723; x_wconf 89' lang='lat' dir='ltr'>transitus</span> <span class='ocrx_word' id='word_1_226' title='bbox 945 3649 1053 3723; x_wconf 91' lang='lat' dir='ltr'>Dune</span> <span class='ocrx_word' id='word_1_227' title='bbox 1082 3659 1146 3722; x_wconf 92' lang='lat' dir='ltr'>aut</span> <span class='ocrx_word' id='word_1_228' title='bbox 1176 3652 1260 3720; x_wconf 91' lang='lat' dir='ltr'>sub-</span> 
     </span>
     <span class='ocr_line' id='line_1_33' title="bbox 173 3749 1261 3850; baseline 0 -28"><span class='ocrx_word' id='word_1_229' title='bbox 173 3749 289 3824; x_wconf 88' lang='lat' dir='ltr'>mersi</span> <span class='ocrx_word' id='word_1_230' title='bbox 309 3749 451 3822; x_wconf 89' lang='lat' dir='ltr'>suntin</span> <span class='ocrx_word' id='word_1_231' title='bbox 468 3750 589 3844; x_wconf 84' lang='lat' dir='ltr'>Duna,</span> <span class='ocrx_word' id='word_1_232' title='bbox 617 3759 681 3822; x_wconf 88' lang='lat' dir='ltr'>aut</span> <span class='ocrx_word' id='word_1_233' title='bbox 699 3773 740 3824; x_wconf 93' lang='lat' dir='ltr'>se</span> <span class='ocrx_word' id='word_1_234' title='bbox 758 3750 862 3850; x_wconf 90' lang='lat' dir='ltr'>ipsos</span> <span class='ocrx_word' id='word_1_235' title='bbox 880 3750 917 3823; x_wconf 93' lang='lat' dir='ltr'>in</span> <span class='ocrx_word' id='word_1_236' title='bbox 936 3749 1039 3824; x_wconf 88' lang='lat' dir='ltr'>silvis</span> <span class='ocrx_word' id='word_1_237' title='bbox 1057 3749 1261 3848; x_wconf 89' lang='lat' dir='ltr'>suspende-</span> 
     </span>
     <span class='ocr_line' id='line_1_34' title="bbox 172 3850 1258 3950; baseline -0.001 -27"><span class='ocrx_word' id='word_1_238' title='bbox 172 3861 273 3946; x_wconf 84' lang='lat' dir='ltr'>runt,</span> <span class='ocrx_word' id='word_1_239' title='bbox 299 3875 347 3925; x_wconf 92' lang='lat' dir='ltr'>ne</span> <span class='ocrx_word' id='word_1_240' title='bbox 371 3850 535 3924; x_wconf 88' lang='lat' dir='ltr'>redirent</span> <span class='ocrx_word' id='word_1_241' title='bbox 561 3851 599 3923; x_wconf 94' lang='lat' dir='ltr'>in</span> <span class='ocrx_word' id='word_1_242' title='bbox 616 3861 757 3924; x_wconf 87' lang='lat' dir='ltr'>terram</span> <span class='ocrx_word' id='word_1_243' title='bbox 776 3875 897 3950; x_wconf 88' lang='lat' dir='ltr'>suam,</span> <span class='ocrx_word' id='word_1_244' title='bbox 925 3877 968 3927; x_wconf 91' lang='lat' dir='ltr'>eo</span> <span class='ocrx_word' id='word_1_245' title='bbox 994 3853 1092 3949; x_wconf 91' lang='lat' dir='ltr'>quod</span> <span class='ocrx_word' id='word_1_246' title='bbox 1118 3862 1258 3925; x_wconf 90' lang='lat' dir='ltr'>terram</span> 
     </span>
    </p>
   </div>
   <div class='ocr_carea' id='block_1_3' title="bbox 9 3951 1259 4052">
    <p class='ocr_par' dir='ltr' id='par_1_3' title="bbox 9 3951 1259 4052">
     <span class='ocr_line' id='line_1_35' title="bbox 9 3951 1259 4052; baseline 0.003 -32"><span class='ocrx_word' id='word_1_247' title='bbox 9 4003 11 4010; x_wconf 81' lang='grc'>.</span> <span class='ocrx_word' id='word_1_248' title='bbox 66 4041 69 4046; x_wconf 22' lang='lat'>¹</span> <span class='ocrx_word' id='word_1_249' title='bbox 170 3953 283 4026; x_wconf 90' lang='lat' dir='ltr'>beate</span> <span class='ocrx_word' id='word_1_250' title='bbox 300 3951 460 4052; x_wconf 82' lang='lat' dir='ltr'>Virginis</span> <span class='ocrx_word' id='word_1_251' title='bbox 479 3952 790 4050; x_wconf 80' lang='lat' dir='ltr'>despoliaverunt,</span> <span class='ocrx_word' id='word_1_252' title='bbox 816 3952 923 4026; x_wconf 90' lang='lat' dir='ltr'>cuius</span> <span class='ocrx_word' id='word_1_253' title='bbox 940 3953 1041 4050; x_wconf 85' lang='lat' dir='ltr'>filius</span> <span class='ocrx_word' id='word_1_254' title='bbox 1058 3952 1259 4027; x_wconf 87' lang='lat' dir='ltr'>vindictam</span> 
     </span>
    </p>
   </div>
   <div class='ocr_carea' id='block_1_4' title="bbox 171 4052 860 4253">
    <p class='ocr_par' dir='ltr' id='par_1_4' title="bbox 171 4052 860 4253">
     <span class='ocr_line' id='line_1_36' title="bbox 171 4052 860 4152; baseline 0.006 -28"><span class='ocrx_word' id='word_1_255' title='bbox 171 4053 366 4148; x_wconf 71' lang='lat' dir='ltr'>retribuit,</span> <span class='ocrx_word' id='word_1_256' title='bbox 392 4053 451 4126; x_wconf 90' lang='lat' dir='ltr'>cui</span> <span class='ocrx_word' id='word_1_257' title='bbox 470 4052 519 4126; x_wconf 87' lang='lat' dir='ltr'>sit</span> <span class='ocrx_word' id='word_1_258' title='bbox 535 4055 619 4126; x_wconf 89' lang='lat' dir='ltr'>laus</span> <span class='ocrx_word' id='word_1_259' title='bbox 636 4079 704 4152; x_wconf 90' lang='lat' dir='ltr'>per</span> <span class='ocrx_word' id='word_1_260' title='bbox 720 4054 860 4128; x_wconf 91' lang='lat' dir='ltr'>secula.</span> 
     </span>
     <span class='ocr_line' id='line_1_37' title="bbox 174 4179 577 4253; baseline 0.005 -20"><span class='ocrx_word' id='word_1_261' title='bbox 174 4179 219 4253; x_wconf 77' lang='lat'>19)</span> <span class='ocrx_word' id='word_1_262' title='bbox 239 4179 513 4245; x_wconf 67' lang='lat' dir='ltr'>elucubrando,</span> <span class='ocrx_word' id='word_1_263' title='bbox 533 4179 577 4236; x_wconf 82' lang='grc'>30.</span> 
     </span>
    </p>
   </div>
   <div class='ocr_carea' id='block_1_5' title="bbox 0 0 1546 5018">
    <p class='ocr_par' dir='ltr' id='par_1_5' title="bbox 0 0 1546 5018">
     <span class='ocr_line' id='line_1_38' title="bbox 0 0 1546 5018; baseline 0 5"><span class='ocrx_word' id='word_1_264' title='bbox 0 0 1546 5018; x_wconf 95' lang='lat' dir='ltr'> </span> 
     </span>
    </p>
   </div>
  </div>
 </body>
</html>
