3084 5018
289 492 502 566 HElNlllCl
529 489 807 564 CHRONlCON
833 490 1083 564 LYVONlAE.
1157 496 1227 566 195

133 691 407 790 despoliabant,
436 702 585 765 etcum
612 688 712 762 omni
739 691 871 786 rapina
896 715 965 763 sua
982 689 1123 763 reversi
1142 699 1228 762 sunt
1357 684 1364 753 ζ

133 793 171 865 in
198 791 417 888 Lyvoniam.
453 791 667 887 Rerumque
694 791 829 863 fratres
855 789 987 864 militie
1005 789 1227 890 colligentes

8 903 11 962 ἐ
133 891 341 970 exercitum
368 891 600 965 intraverunt
617 889 824 987 limoniam,
850 901 1119 988 percusserunt
1136 889 1231 963 Ger·¹

132 1015 329 1065 wanenses
346 991 459 1089 plaga
479 1003 628 1089 magna,
656 1015 699 1064 eo
719 992 817 1087 quod
836 1015 922 1063 cum
940 990 1056 1064 Dauis
1075 1013 1227 1088 semper

8 1097 9 1122 ³
132 1092 232 1166 bella
258 1100 465 1186 moverent,
492 1102 531 1164 et
547 1091 815 1164 interfecerunt
833 1101 871 1164 et
888 1100 1069 1188 ceperunt
1085 1091 1226 1162 multos

8 1211 9 1276 ξ
133 1217 179 1266 ex
198 1191 266 1288 eis⁷
294 1201 331 1264 et
349 1191 469 1288 spolia
488 1190 607 1264 multa
625 1190 818 1286 tollebant,
838 1201 876 1264 et
892 1200 1076 1265 venerunt
1093 1190 1138 1263 ad
1158 1213 1224 1263 eos
1296 1261 1301 1268 .

8 1379 10 1390 γ
133 1291 404 1366 Gerwauenses
423 1290 460 1363 in
478 1289 655 1386 Keytis²⁷,
678 1291 939 1387 promittentes
958 1287 1225 1364 Theuthonicis

132 1391 353 1465 fidelitatem
370 1401 592 1489 perpetuam
611 1400 649 1463 et
667 1389 839 1463 omnibus
859 1389 1083 1464 christianis
1119 1389 1224 1464 Unde
1262 1413 1267 1422 ’
1362 1389 1363 1394 ’

8 1507 9 1510 ’
82 1541 94 1550 -
131 1491 266 1568 statim·
290 1491 484 1566 exiverunt
515 1491 560 1564 de
590 1489 726 1562 finibus
758 1515 900 1587 eorum,
935 1500 973 1564 et
1004 1515 1088 1564 cum
1121 1489 1222 1562 omni

132 1592 249 1690 preda
266 1591 457 1665 redierunt
474 1590 511 1661 in
532 1601 669 1664 terram
689 1613 808 1667 suam.

8 1777 10 1794 ξ
76 1715 82 1720 ·
206 1691 296 1764 Post
309 1692 380 1763 hoc
394 1691 657 1787 Nogardenses
671 1690 855 1763 miserunt
866 1716 998 1790 regem
1010 1689 1280 1786 wascelino.)

8 1807 10 1822 ff
132 1791 194 1888 qui
213 1792 401 1888 quondam
420 1791 521 1863 viros
539 1789 703 1888 episcopi
731 1791 903 1888 Rigensis
928 1789 1223 1864 mortificaverat

8 1919 9 1988 3
131 1891 170 1963 in
183 1890 388 1988 Kukenois,
403 1901 440 1964 et
454 1891 635 1964 dederunt
644 1891 678 1964 ei
692 1891 905 1987 pecuniam,
921 1901 959 1965 et
971 1891 1072 1963 viros
1086 1891 1223 1962 ducen-

8 1995 10 2004 ’
130 2003 191 2064 tos
210 2015 353 2088 secum,
372 1990 649 2086 committentes
669 1991 702 2064 ei
721 1990 927 2063 dominium
946 1991 982 2062 in
1002 1989 1166 2063 Darbeta
1185 1999 1222 2062 et

128 2091 167 2166 iu
193 2091 277 2164 aliis
303 2090 517 2189 provinciis,
545 2113 638 2188 quas
663 2090 733 2162 sibi
758 2100 888 2188 posset
914 2089 1126 2188 subiugare.
1175 2087 1223 2160 Et
1303 2170 1305 2175 ,

129 2191 232 2266 venit
248 2192 349 2266 idern
366 2216 432 2265 rex
450 2215 537 2264 cum
554 2191 642 2264 viris
661 2189 739 2262 suis
765 2190 803 2263 in
822 2191 1038 2288 Darbetam,
1066 2200 1104 2262 et
1119 2213 1222 2262 recc-

8 2311 10 2350 2
129 2301 267 2391 perunt
298 2317 385 2365 eum
421 2300 634 2365 castrenses
665 2314 750 2362 cum
783 2291 939 2388 gaudi0‚
976 2301 1017 2364 ut
1045 2290 1221 2364 fortiores

8 2395 10 2490 g
128 2403 261 2465 contra
279 2391 559 2464 Theuthonicos
577 2390 829 2486 efficerentur,
849 2401 887 2464 et
906 2393 1089 2464 dederunt
1106 2390 1140 2464 ei
1158 2388 1222 2460 tri·

129 2496 219 2565 buta
251 2492 296 2565 de
320 2490 670 2564 circumiacentibus
696 2490 918 2589 provinciis,
945 2489 1219 2587 etquicunque

8 2633 9 2678 ;
131 2592 269 2666 tributa
284 2616 359 2663 non
377 2592 595 2690 prebebant,
614 2590 820 2665 exercitum
839 2601 968 2670 contra
987 2613 1053 2664 eos
1076 2588 1221 2685 direxit,

130 2703 169 2765 et
195 2693 403 2766 devastavit
429 2714 561 2764 omnes
593 2700 715 2764 terras
747 2690 817 2762 sibi
848 2690 1008 2764 rebelles
1032 2714 1055 2762 a
1077 2689 1223 2786 Wayga

15 2805 23 2814 ‘
130 2815 250 2888 usque
269 2793 314 2864 ad
332 2790 553 2887 Wironiam,
580 2815 601 2862 a
620 2789 786 2863 Wironia
806 2814 924 2886 usque
941 2790 980 2862 in
994 2788 1167 2862 Gerwam
1186 2797 1225 2861 et

129 2891 168 2964 in
187 2890 399 2987 Saclralam‚
419 2899 457 2964 et
473 2890 562 2964 fecit
581 2900 711 2962 contra
726 2889 949 2963 christianos
963 2889 1065 2962 mala
1082 2886 1222 2985 omnia,

130 3017 204 3089 que
221 2991 352 3090 potnit.

206 3091 403 3165 Celebrate
417 3089 602 3163 dominice
620 3088 826 3162 nativitatis
841 3088 1107 3187 solempnitate
1120 3085 1223 3184 cogi·
1231 3091 1281 3176 (6.)

8 3199 9 3202 ’
130 3202 305 3266 taverunt
339 3190 522 3288 Rigenses
556 3189 729 3264 obsidere
759 3194 924 3263 castrum
955 3187 1222 3262 Tharbatense.

8 3307 9 3372 j
131 3291 179 3362 Et
204 3297 460 3364 convenerunt
483 3313 570 3362 cum
595 3289 773 3362 fratribus
800 3289 932 3364 militie
956 3298 994 3362 et
1010 3286 1221 3386 peregrinis

21 3401 25 3408 '
131 3401 169 3463 et
200 3415 286 3464 cum
316 3389 529 3486 Lyvonibus
562 3399 600 3462 et
628 3388 774 3462 Letthis
805 3400 896 3487 aput
928 3387 1147 3484 Astigerwe‚
1184 3395 1222 3463 et

132 3491 320 3563 habebant
352 3490 558 3564 exercitum
585 3501 783 3586 maguum.
838 3487 885 3559 Et
917 3486 1102 3560 recordati
1134 3493 1222 3556 sunt

8 3623 9 3626 ¹
131 3589 324 3662 Danorum
351 3589 392 3660 in·
408 3590 522 3687 longa
540 3588 781 3660 tribulatione
812 3586 1062 3680 existentiuma
1090 3594 1221 3658 contra

133 3713 227 3784 quos
251 3691 471 3786 pugnabant
495 3689 571 3761 iam
596 3688 736 3758 dudum
764 3711 895 3760 omnes
912 3697 1013 3760 terre
1032 3696 1070 3759 et
1087 3694 1220 3782 gentes

8 3785 10 3806 ‘
132 3788 456 3884 circumiacentes⁷
475 3798 523 3884 et7
543 3787 696 3859 dimisso
716 3786 848 3860 itinere
867 3786 904 3859 in
917 3787 1118 3880 Darbeten,
1137 3808 1222 3883 pro·

132 3888 223 3962 lecti
239 3899 328 3960 sunt
345 3914 433 3962 cum·
451 3887 552 3959 omni
571 3887 735 3976 exercitu
754 3885 791 3958 in
810 3885 976 3982 Hariamp
1004 3897 1041 3959 et
1068 3885 1221 3958 obsede-

134 3999 220 4060 runt
246 3999 411 4061 castrum
434 3986 548 4082 Lone,
575 3995 786 4085 pugnantes
801 4011 896 4058 cum
923 3986 977 4059 eis
1006 3983 1222 4071 ebdomadis

134 4187 178 4258 at)
200 4197 228 4241 ut
241 4189 348 4241 videtur
367 4188 438 4240 idem
458 4187 535 4240 locus
554 4187 600 4256 qui
620 4203 698 4256 supra
712 4154 815 4248 xxiv,
830 4185 855 4248 5,
875 4205 900 4256 p.
918 4184 977 4248 169,
997 4184 1084 4238 llettis
1104 4192 1221 4236 vocatur.
