3016 5016
283 465 496 540 HElNlllCl
523 465 1081 546 CHRONICON‘LYVONIAE
1178 473 1226 544 49

125 669 178 738 At
204 665 258 738 illi
286 668 494 764 gaudentes
526 669 571 742 de
600 669 736 742 advent
721 679 760 741 tu
789 669 1068 764 sacerdotiS,u
1045 678 1176 768 pote
1204 695 1226 742 a

124 766 199 840 Let
200 767 362 840 honibus
387 768 515 866 sepius
546 769 684 842 vastati
711 779 749 844 et
779 794 799 841 a
810 769 1044 865 Lyvonibus
1076 794 1226 868 semper

127 868 316 966 oppressi,
344 879 383 942 et
399 894 477 968 per
486 869 766 944 Theuthonicos
786 881 988 983 sperantes
1002 871 1162 944 relevari
1181 895 1226 944 ac

127 968 291 1065 defendi,
320 994 406 1042 cum
432 972 569 1067 gaudio
595 973 750 1044 verbum
778 971 845 1046 Dei
873 970 1070 1069 recipiunt
1098 971 1225 1043 missis

18 1079 28 1084 “
125 1082 258 1144 tamen
279 1071 384 1168 prius
407 1071 571 1143 sortibus
590 1081 627 1144 et
645 1071 825 1169 requisito
853 1095 1039 1145 consensu
1067 1073 1226 1145 deorum

127 1193 305 1266 suorum,
340 1197 387 1245 an
418 1171 676 1244 Rutbenorum
709 1173 754 1245 de
786 1172 990 1245 Plicecowe
1021 1197 1108 1244 cum
1140 1170 1225 1244 aliis

3 1355 10 1372 Ρ
124 1271 325 1369 Letigallis
344 1273 390 1345 de
408 1272 598 1366 Tholowa,
619 1297 666 1344 an
680 1272 901 1370 Latinorum
920 1274 1080 1345 debeant
1099 1274 1225 1345 subire

3 1381 5 1390 “
126 1373 387 1470 baptismum?
413 1373 509 1447 Nam
528 1373 689 1446 Rutheni
709 1399 840 1447 eorum
855 1383 1025 1471 tempore
1043 1382 1226 1446 venerant

3 1547 5 1570 ἰ
125 1473 364 1570 baptizantes
377 1472 612 1571 Lethigallos
632 1497 719 1546 suos
738 1475 783 1548 de
798 1474 975 1546 Tholowa
990 1473 1060 1545 sibi
1074 1482 1226 1570 semper

3 1571 6 1660 i
125 1573 357 1647 tributarios.
389 1573 436 1644 Et
446 1572 581 1648 cecidit
594 1597 677 1646 sors
693 1575 739 1646 ad
753 1574 919 1666 Latinos
935 1583 973 1648 et
987 1573 1224 1647 annumerati

3 1663 5 1688 ³
127 1684 218 1747 sunt
236 1699 321 1746 cum
340 1674 552 1770 Lyvonensi
580 1675 740 1748 ecclesia
760 1675 996 1773 Rigensibus.
1042 1674 1088 1745 Et
1107 1673 1226 1772 bapti·
1258 1679 1261 1686 ’

2 1827 3 1864 p
127 1774 229 1848 zavit
246 1775 479 1848 Alebrandus
508 1776 690 1871 quasdam
717 1775 825 1850 villas
851 1785 888 1849 et
905 1775 1015 1848 rediit
1033 1774 1167 1872 Rigam
1187 1784 1226 1848 et

2 1917 4 1982 p
125 1874 322 1948 nunciavit
347 1875 537 1974 episcopo.
583 1877 632 1948 At
657 1875 721 1949 ille
748 1877 990 1972 congaudens
1017 1883 1055 1948 et
1072 1898 1224 1973 semper

2 2000 3 2056 t
126 1975 290 2051 ecclesie
317 1975 513 2074 providere
542 1975 771 2074 desiderans7
798 1976 1017 2050 Heinricum
1036 1977 1223 2048 scolarem

1 2074 4 2152 i
126 2101 252 2173 suum,
271 2077 317 2149 ad
332 2100 462 2150 sacros
478 2077 627 2150 ordines
643 2086 871 2174 promotum,
891 2101 977 2150 cum
992 2076 1126 2149 eodem
1138 2077 1224 2149 Ale·
1310 2119 1312 2124 ·
1419 2119 1422 2124 ·

1 2208 2 2222 ¹
125 2179 270 2249 brando
289 2177 427 2251 ibidem
442 2177 611 2273 remisit,
639 2189 676 2250 et
694 2187 957 2250 consummato
978 2176 1164 2274 baptismo
1185 2175 1223 2250 in

1 2274 2 2292 ³
125 2277 264 2350 finibus
290 2277 364 2351 illis
395 2301 570 2352 reversus
603 2288 661 2350 est
691 2277 935 2352 Alebrandus.
992 2278 1093 2351 Alter
1119 2301 1222 2374 vero⁷

1 2434 3 2456 2
126 2388 344 2452 constructa
372 2379 533 2452 ccclesia
562 2389 600 2451 et
627 2379 665 2450 in
690 2377 873 2452 beneficio
893 2387 1058 2476 recepta,
1085 2378 1222 2452 ibidem

1 2488 2 2572 g
126 2479 288 2553 cumeis
306 2478 476 2556 habitare
492 2488 529 2552 et
546 2477 719 2576 plurimis
738 2477 915 2576 periculis
934 2477 1140 2576 expositus³
1167 2479 1223 2550 fu·

1 2620 3 2671 t
125 2589 211 2654 ture
230 2579 285 2653 eis
303 2579 571 2653 beatitudinem
590 2579 666 2652 vite
685 2603 759 2651 non
779 2579 889 2652 desiit
907 2580 1178 2652 demonstrare.

1 2673 2 2742 ἶ
186 2678 293 2766 ¹Orta
323 2680 444 2753 estin
472 2680 544 2752 hoc
571 2691 743 2777 tempore
768 2679 954 2752 discordia
973 2679 1072 2752 inter
1088 2703 1219 2776 regem
1231 2686 1282 2772 (8.)

1 2790 2 2825 ³
126 2780 172 2853 de
201 2779 406 2875 Kukenoys
435 2792 473 2854 et
499 2779 695 2853 Danielem
720 2780 878 2855 militem
912 2781 957 2853 de
981 2779 1219 2854 Lenewarde.

1 2893 2 2904 ¹
124 2879 223 2952 Nam
241 2905 307 2953 rex
333 2881 445 2975 idem,
472 2905 560 2954 cum
578 2880 688 2979 plura
706 2880 862 2956 inferret
878 2879 1095 2952 hominibus
1114 2879 1222 2952 istius

123 2980 367 3054 incommoda
384 2992 423 3055 et
440 2981 569 3079 sepius
584 2982 812 3055 ammonitus
832 3007 852 3054 a
871 2981 961 3054 tali
951 2980 1222 3078 inquietatione

1 3149 2 3176 2
124 3105 200 3153 non
220 3092 400 3176 cessaret
427 3082 525 3156 servi
550 3081 668 3179 ipsius
687 3081 854 3156 Danielis
879 3092 1078 3180 surgentes
1097 3093 1221 3180 nocte,

125 3205 212 3254 cum
233 3205 278 3255 eo
298 3206 458 3280 propere
485 3182 665 3255 festinant
691 3183 737 3254 ad
765 3192 931 3254 castrum
956 3183 1070 3279 regis7
1099 3194 1136 3256 et
1160 3207 1221 3256 ve·

125 3281 273 3358 nientes
301 3281 465 3356 diluculo
494 3305 573 3377 eos,
608 3283 669 3380 qui
696 3283 793 3354 inira
821 3293 987 3355 castrum
1016 3293 1134 3379 erant,
1166 3282 1221 3354 in-

123 3381 281 3456 veniunt
290 3382 520 3456 dormientes
530 3393 573 3456 et
585 3382 739 3480 vigilem
755 3385 916 3481 desuper
929 3382 1053 3455 minus
1065 3382 1220 3480 provide

124 3482 366 3582 vigilantem,
398 3493 617 3580 strepente
643 3484 911 3574 ascendentes,
942 3483 1064 3580 ipsam
1092 3506 1219 3557 arcem

125 3582 346 3657 munitionis
383 3583 588 3682 attingunt
630 3595 667 3657 et
693 3583 733 3655 in
766 3594 890 3657 castro
923 3607 964 3656 se
994 3582 1242 3680 recipientes·

124 3683 319 3758 Ruthenos
345 3694 501 3783 propter
524 3709 663 3758 nomen
682 3683 965 3757 christianitatis
985 3708 1060 3756 non
1080 3683 1220 3756 audent

123 3783 350 3881 interficere,
377 3784 443 3858 sed
469 3784 605 3884 gladiis
630 3784 709 3858 suis
736 3784 789 3859 eis
814 3783 1089 3857 comminantes
1108 3805 1220 3880 quos-

124 3884 239 3958 dam
228 3911 267 3957 m
283 3886 415 3984 fugam
435 3895 669 3980 convertunt
696 3883 791 3958 alios
816 3883 1037 3981 captivando
1056 3883 1217 3958 vinculis

148 3996 315 4084 aputant.
368 3986 471 4060 luter
501 4009 596 4100 quos
626 3985 752 4084 ipsum
784 4009 912 4083 regem
940 3983 1149 4083 rapienteS,
1180 3995 1218 4058 et

151 4110 210 4158 um
239 4085 277 4158 in
303 4086 454 4160 vincula
478 4087 682 4186 proiciunt
711 4097 749 4161 et
775 4110 927 4160 omnem
954 4085 1215 4183 substantiam

149 4211 196 4260 ue
223 4198 306 4260 erat
332 4186 370 4259 in
395 4198 539 4285 castro,
575 4187 757 4290 inunum
782 4187 910 4260 locum
934 4195 1216 4286 comportantes
