3104 5012
15 69 27 162 l,

15 419 21 552 l

15 579 51 698 l'

15 699 27 808 ι

14 812 23 916 l

263 500 484 575 HEINRlCl
506 500 784 575 CHRONICON
811 500 1062 574 LYVONIAE.
1161 505 1206 574 71

107 712 241 776 autem
275 712 313 776 et
338 702 473 776 fratres
505 701 707 776 milicieet
731 690 933 798 balistarii
968 711 1094 775 essent
1120 699 1210 774 licet

109 803 239 902 pauci,
266 827 352 874 cum
382 801 530 876 clericis
558 812 596 876 et
623 801 877 876 mulieribus
871 757 1003 875 ouines
1031 801 1077 874 ad
1103 823 1210 872 arma

108 901 346 1000 confugiunt,
374 902 499 976 sonitu
519 927 714 1002 campane,
742 926 814 999 que
835 903 1096 974 tantummodo
1116 911 1210 974 tem·

29 1108 33 1116 ’
108 1113 169 1177 tes
199 1102 383 1176 obviam
374 1102 534 1175 mimicis
562 1102 601 1175 in
628 1103 756 1176 littore
781 1103 890 1175 Dune
920 1056 1049 1199 pluies
1079 1126 1124 1175 ex
1152 1100 1207 1174 eis
1302 1155 1304 1159 -
1392 1119 1396 1128 ’

109 1026 205 1101 pore
224 1002 313 1076 belli
328 1003 559 1116 pulsabatur,
565 1003 760 1115 populum
779 1012 1000 1096 convocant,
1021 1013 1057 1076 et
1072 1025 1210 1075 exeun·

110 1203 258 1275 balistis
281 1203 490 1276 vulnerant.
540 1203 586 1275 Et
612 1203 781 1276 Curones
809 1201 1063 1315 relinquentes
1091 1223 1207 1274 naves
1298 1223 1300 1230 ⁴

22 1300 27 1309 ’
108 1325 202 1375 suas
217 1303 254 1374 iu
270 1303 379 1391 Dona
394 1304 661 1377 ordinaverunt
675 1302 881 1377 exercitum
895 1302 1058 1374 suumin
1073 1323 1207 1399 caupo,

14 1409 16 1426 ⁵
112 1413 152 1476 et
179 1405 355 1500 portabat
385 1404 643 1500 unusquisque
667 1402 835 1476 tabulam
859 1402 1025 1501 ligneam
1053 1411 1140 1474 ante
1167 1423 1209 1473 se

110 1505 321 1584 ex.duobus
340 1504 530 1577 asseribus
550 1503 812 1602 compositam,
840 1514 878 1576 et
896 1503 1043 1576 clavam
1063 1503 1108 1574 ad
1127 1524 1208 1573 mo-

14 1609 21 1704 l
110 1603 201 1674 dum
216 1603 339 1676 baculi
350 1603 552 1702 pastoralis
565 1605 610 1676 ad
627 1602 926 1677 sustentaculum
938 1601 1057 1700 ipsius
1068 1601 1208 1674 tabule.

14 1705 18 1744 '⁴
112 1702 161 1774 Et
193 1713 234 1775 nt
263 1704 412 1777 refulsit
442 1705 498 1776 sol
524 1703 562 1775 in
586 1705 735 1776 tabulas
762 1704 867 1776 albas
894 1703 1209 1875 resplenduerunt

14 1803 22 1824 *
112 1825 210 1900 aque
237 1813 306 1876 et
301 1803 489 1902 campiab
510 1804 575 1878 eis
612 1803 703 1876 Erat
721 1828 821 1877 emm
841 1804 981 1878 exercit
984 1827 1026 1875 us
1045 1825 1207 1900 magnus

112 1913 152 1978 et
164 1903 274 1975 fortis
289 1914 327 1978 et
336 1904 670 2018 appropinquabat
682 1905 727 1977 ad
742 1903 944 1978 civitatem.
979 1904 1023 1977 Et
1036 1902 1207 1998 Lyvones

14 2041 16 2106 p
110 2027 157 2076 ac
175 2003 287 2076 balrs
272 2014 358 2077 arn
377 2015 619 2079 occurrentes
638 2029 693 2078 ers
707 2005 753 2076 ad
768 2028 932 2116 primam
946 2002 1208 2115 munitionem,
1289 2001 1299 2019 ‘

111 2128 187 2201 que
218 2113 316 2177 er'at
329 2105 366 2176 in
393 2129 526 2203 campo
554 2115 640 2179 ante
666 2115 814 2218 portam
839 2102 1013 2199 civitatis,
1039 2126 1124 2176 cum
1153 2101 1208 2175 eis

14 2233 17 2258 ι
109 2215 375 2317 pugnaverunt
401 2206 590 2302 usquead
617 2205 750 2278 horam
780 2203 853 2280 diei
876 2203 1047 2279 terciam.
1099 2201 1208 2275 Cives

111 2315 241 2377 autem
265 2303 407 2418 villam,
440 2330 512 2402 que
538 2315 620 2379 erat
644 2315 747 2379 extra
775 2328 917 2400 muros,
949 2303 1206 2377 incenderunt.

13 2461 15 2500 3
111 2404 274 2493 Quidam
289 2405 410 2478 eciam
425 2430 470 2479 ex
484 2405 621 2478 nostris
641 2406 821 2478 habentes
842 2414 932 2503 aput
945 2428 987 2477 se
995 2402 1207 2476 claviculos

110 2506 292 2579 ferreost
278 2504 472 2602 tridenteS,
499 2505 740 2603 proiecerunt
759 2527 824 2578 eos
843 2504 880 2576 in
899 2504 959 2576 via
976 2529 1050 2600 qua
1068 2501 1208 2576 exerci-

13 2609 15 2702 ζ
110 2615 174 2677 tus
187 2604 370 2679 veniebat
409 2605 456 2678 Et
475 2630 562 2679 cum
581 2606 626 2678 de
645 2604 785 2678 civibus
804 2604 955 2702 quidam
975 2604 1020 2676 ad
1039 2625 1208 2702 pugnam

109 2705 270 2779 viriliter
287 2707 510 2780 accederent
529 2716 566 2780 et
581 2705 709 2804 plures
729 2731 774 2779 ex
792 2704 963 2777 hostibus
982 2706 1051 2776 sub
1069 2702 1207 2776 tabulis

13 2839 15 2904 ι
111 2805 193 2904 suis
220 2816 363 2880 stantes
393 2805 659 2897 occiderent,⁸
650 2830 687 2877 ιιι
712 2804 834 2879 reditu
862 2828 1003 2918 super
1002 2803 1207 2877 claviculos

13 2921 15 3006 ξ
110 2902 222 3004 ipsos
238 2906 464 3002 ceciderunt,
493 2916 530 2980 e't
556 2861 706 3003 quidam
734 2931 779 2980 ex
804 2905 896 3004 ipsis
925 2903 1038 2978 occisi
1064 2914 1209 2977 suntet

13 3017 15 3056 ff
111 3006 178 3079 alii
203 3007 250 3078 ad
274 3032 342 3079 nos
370 3017 582 3082 evaserunt.
635 3005 725 3078 Post
750 3007 820 3080 hec
847 3005 925 3078 ibat
948 3004 1071 3079 exerci
1074 3014 1135 3076 tus
1074 3004 1207 3076 tad

13 3095 15 3180 l
111 3129 230 3180 naves
244 3129 333 3180 suas
348 3117 385 3181 et
403 3108 501 3180 facto
514 3107 671 3205 prandio
691 3100 827 3180 iterum
847 3106 893 3179 ad
911 3106 1051 3180 bellum
1066 3129 1107 3179 se
1126 3112 1209 3204 pre·

13 3207 15 3288 ῗ
112 3209 283 3305 parabat,
306 3217 455 3281 etcum
476 3206 648 3281 audirent
672 3206 836 3281 sonitum
856 3230 1039 3305 campane
1057 3230 1208 3304 magne,

111 3307 299 3403 dicebaut,
326 3331 367 3381 se
387 3307 515 3381 abillo
535 3307 615 3381 Deo
635 3306 926 3380 christianorum
951 3306 1137 3380 commedi
1157 3316 1210 3378 at·

13 3415 15 3502 J
114 3432 187 3504 que
206 3407 390 3503 consumi,
415 3417 452 3481 et
470 3409 693 3481 accedentes
711 3408 848 3480 iterum
867 3407 913 3479 ad
932 3406 1121 3481 civitatem
1139 3431 1210 3504 per

13 3561 15 3604 ,
111 3518 234 3580 totam
253 3507 351 3582 diem
376 3510 605 3606 pugnabant
655 3507 702 3578 Et
726 3531 812 3580 cum
836 3510 981 3579 exurent
999 3507 1043 3580 de
1069 3506 1207 3578 tabulis

13 3607 15 3704 ῥ
114 3607 194 3681 suis
230 3608 274 3680 ad
306 3608 643 3722 comportationem
678 3607 868 3704 lignorum
901 3607 946 3678 ad
982 3605 1207 3702 incendium,

112 3707 266 3807 plurimi
282 3732 328 3781 ex
342 3708 395 3782 eis
415 3734 436 3781 a
456 3708 662 3821 sagittariis
676 3707 909 3801 ledebantur,
929 3716 966 3780 et
980 3706 1207 3803 quicumque

13 3835 15 3858 ³
113 3833 248 3883 eorum
268 3833 289 3880 a
306 3808 490 3907 lapidibus
510 3807 770 3882 machinarum
790 3816 894 3879 anta
912 3805 1113 3879 balistariis
1131 3806 1210 3878 vul·

13 3985 15 3990 ,
114 3919 270 3983 uenatus
297 3908 443 4005 cecidit,
471 3908 598 3982 statim
618 3910 734 3982 frater
761 3931 861 3980 suus
880 3916 945 3980 aut
964 3907 1059 3980 alius
1079 3930 1210 3994 conso·

13 4017 16 4078 ζ
150 4033 196 4083 us
215 4032 308 4082 suus
328 4009 474 4083 absciso
494 4009 617 4107 capite
637 4033 723 4082 eum
742 4007 909 4081 totaliter
926 4007 1124 4082 interfecit.
1162 4008 1209 4080 Et

144 4117 214 4192 ιιιιῑ
234 4109 397 4206 undique
429 4109 763 4184 circumdedissent
793 4107 982 4182 civitatem
1014 4119 1051 4182 et
1081 4108 1209 4206 ignem

13 4231 14 4238 ’
144 4210 315 4310 opiosum
329 4210 593 4307 incendissent,
607 4209 801 4284 venientes
811 4209 1036 4283 Holrnenses
1051 4209 1087 4281 in
1103 4209 1209 4306 equis
