3084 5018
321 487 390 560 176
464 481 675 558 HElNlllCl
701 479 981 556 CHRONICON
1006 478 1260 554 LYVONIAE.

316 685 433 799 ipsius
451 685 640 782 invadere,
666 683 745 758 sive
770 708 834 781 qm
824 682 966 756 lidem
994 693 1032 756 et
1056 683 1240 755 honorem
1266 680 1336 754 lilii
1354 681 1415 754 sui
1499 711 1500 716 ¹

316 787 355 859 in
375 796 473 860 terra
491 786 574 884 ipsa
589 797 773 858 conantur
785 783 987 882 impedire!
1023 783 1122 857 Ecce
1137 793 1229 880 quot
1242 793 1281 856 et
1294 808 1415 879 quan·
1529 861 1530 866 ,

316 899 376 960 tus
394 911 505 985 reges
524 887 606 984 ipsa
624 884 873 982 exacerbavit,
900 909 988 958 ecce
1014 895 1107 982 quot
1124 883 1356 983 perfidorum
1376 894 1415 957 et
1529 893 1530 944 ὲ

315 1012 551 1102 paganorum
575 987 767 1099 principes
793 1010 838 1058 ac
862 985 1032 1058 seniores
1059 986 1105 1058 de
1132 995 1234 1073 terra
1258 983 1413 1081 delevit⁷

316 1088 463 1186 quoties
488 1088 687 1161 victoriam
710 1086 788 1159 suis
815 1087 890 1159 de
880 1085 1042 1160 mimicis
1061 1068 1268 1159 concessit!
1304 1084 1415 1159 Sem·

315 1215 384 1288 per
410 1189 510 1264 enim
538 1189 720 1261 hactenus
751 1186 931 1261 vexillum
962 1211 1074 1260 suum
1105 1186 1144 1259 in
1164 1186 1352 1300 Lyvonia
1374 1196 1414 1259 et

315 1290 504 1404 preeundo
535 1300 573 1363 et
603 1289 864 1401 subsequendo
898 1288 1064 1362 defendit
1093 1312 1138 1361 ac
1172 1285 1255 1360 de
1244 1287 1413 1359 mimicis

314 1389 547 1489 triumphare
564 1390 664 1464 fecit.
709 1388 757 1462 Et
774 1389 856 1486 quis
874 1413 1039 1486 unquam
1055 1413 1193 1487 regum
1211 1398 1278 1461 aut
1293 1413 1415 1485 paga·

314 1515 462 1586 norum,
490 1491 569 1564 sive
588 1489 830 1563 Danorum
800 1513 879 1563 srve
898 1514 1207 1587 quarumcunque
1225 1489 1412 1587 gentium,

315 1601 444 1665 contra
463 1589 669 1684 Lyvoniam
687 1591 868 1703 pugnavit
886 1602 924 1664 et
946 1615 1023 1663 non
1040 1591 1206 1664 interiit?
1232 1590 1416 1662 Animad-

314 1691 447 1765 vertite
473 1702 510 1764 et
534 1691 657 1764 videte
681 1690 870 1790 principes
897 1690 1157 1764 Ruthenornm
1185 1691 1266 1765 sive
1292 1715 1415 1804 paga-

315 1817 450 1866 norum
477 1792 557 1866 sive
582 1787 827 1865 Danurum
797 1815 876 1864 srve
901 1816 1209 1889 quarumcunque
1236 1792 1412 1889 gentium

314 1893 504 2009 seniores·7
544 1893 667 1991 ipsam
693 1903 771 1966 tam
799 1891 942 1966 mitem
956 1903 1118 1967 matrem
1148 1892 1412 1966 misericordie

313 1996 455 2091 timete,
482 1995 605 2092 ipsam
622 1993 691 2067 Dei
709 2003 870 2066 matrem
889 1995 1093 2090 adorate,
1083 2018 1206 2092 ipsam
1229 2005 1308 2065 tarn
1327 2019 1413 2067 cru·

314 2095 437 2169 delem
455 2095 734 2169 vindicatricem
753 2094 799 2167 de
817 2094 980 2167 inimicis
998 2096 1075 2167 suis
1094 2096 1282 2193 placatam
1300 2093 1410 2167 vohis

315 2195 472 2290 reddite,
489 2206 629 2268 terram
647 2195 766 2294 ipsius
785 2194 986 2294 deinceps
976 2221 1199 2292 impugnare
1218 2194 1348 2292 nolite,
1367 2205 1414 2268 ut

315 2297 397 2394 ipsa
421 2295 470 2368 sit
487 2295 593 2368 vobis
610 2307 742 2392 mater,
770 2321 842 2393 que
868 2297 937 2368 fuit
962 2298 1145 2371 hactenus
1163 2320 1316 2410 semper
1340 2295 1412 2369 ini·

314 2397 413 2470 mica
439 2395 517 2488 suis
545 2396 725 2494 inimicis,
758 2408 796 2471 et
820 2395 1034 2495 affligentes
1058 2421 1148 2470 suos
1174 2398 1212 2470 in
1239 2396 1409 2492 Lyvonia

314 2498 436 2597 magis
462 2498 544 2596 ipsa
570 2521 721 2611 semper
747 2496 891 2570 afflixit.
926 2500 1116 2573 Attendite
1142 2499 1263 2573 eciam
1289 2508 1329 2571 et
1355 2497 1407 2571 vi-

315 2600 412 2713 dete,
439 2598 506 2696 qui
527 2598 663 2672 tenetis
691 2598 897 2671 dominium
924 2610 962 2672 et
987 2599 1248 2673 advocatias
1237 2625 1275 2671 ιιι
1302 2610 1405 2672 terra

313 2699 444 2797 ipsius,
477 2723 524 2773 ne
551 2723 738 2798 pauperes
765 2699 921 2772 nimium
949 2701 1183 2799 opprimatiS,
1218 2723 1406 2799 pauperes
1440 2771 1443 2778 ,

313 2801 395 2874 dico
416 2800 586 2896 lyvones
606 2811 643 2875 et
660 2800 851 2899 Lettos,
821 2823 899 2874 srve
918 2825 1162 2899 quoscunque
1180 2802 1406 2899 neophytos²

313 2904 422 2976 beate
452 2901 613 3000 Virginis
644 2925 793 2997 servos2
819 2901 881 2999 qui
911 2927 1050 2976 nomen
1077 2902 1216 2976 Christi
1246 2903 1314 2974 filii
1347 2902 1406 2974 sui

313 3002 606 3099 deportaverunt
630 3003 813 3075 hactenus
839 3003 885 3075 ad
913 3003 1005 3076 alias
1033 3015 1184 3102 gemm,
1218 3013 1256 3078 et
1282 3004 1404 3077 adhuc

313 3104 516 3199 portabunt
528 3102 735 3174 nobiscum
768 3102 968 3178 Crudelem
982 3105 1214 3202 quorundam
1228 3114 1403 3201 mortem,
1458 3195 1462 3203 ⁸

315 3203 376 3299 qui
400 3202 554 3275 subditis
574 3203 650 3275 suis
666 3227 801 3300 graves
820 3204 982 3304 fuerunt
1009 3217 1096 3280 ante
1115 3205 1251 3280 mentis
1272 3205 1402 3278 oculos

314 3314 506 3418 ιιιιοιιιιῒο,
540 3304 620 3378 alta
659 3261 982 3379 consideratione
995 3307 1260 3406 pertimescite.
1321 3308 1402 3379 Non
1458 3357 1461 3364 ‚

315 3403 414 3477 enim
439 3406 547 3478 beata
573 3406 685 3504 Virgo
713 3430 829 3480 censu
847 3429 1008 3520 magnop
1026 3433 1137 3505 quem
1166 3410 1256 3482 dare
1279 3408 1403 3480 solent

314 3506 511 3620 neophyti,
529 3507 747 3604 delectatur,
775 3532 851 3579 non
874 3507 1034 3604 pecunia
1058 3509 1214 3582 diversis
1241 3506 1401 3582 exactio·

313 3606 450 3679 nibus
441 3607 532 3719 ipsis
552 3609 676 3681 ablata
692 3609 875 3707 placatur,
894 3633 1016 3706 neque
1033 3609 1163 3709 iugum
1181 3634 1309 3723 grave,
1332 3609 1401 3682 sed

314 3708 411 3820 quod
439 3707 488 3779 sit
513 3709 696 3806 portabile
722 3710 845 3808 magis
870 3720 982 3806 atque
1009 3734 1125 3784 suave
1150 3712 1230 3784 vult
1256 3711 1310 3783 eis
1336 3711 1401 3782 im-

221 3807 414 3925 fflggponi,
451 3809 555 3882 cuius
581 3809 682 3883 lilius
707 3810 812 3884 dicit:
846 3813 976 3906 lupum
1003 3835 1120 3884 meum
1146 3835 1258 3884 suave
1285 3819 1341 3885 est
1371 3817 1406 3884 et

316 3909 656 4005 enumerantem,
688 3911 749 4008 qui
777 3910 998 4011 simpliciter
1021 3913 1094 3985 lroc
1121 3912 1237 4010 exigit
1260 3913 1305 3984 ab
1335 3912 1401 4010 eis,

314 4016 356 4078 ut
379 4011 559 4082 credant
549 4036 586 4083 ιιι
604 4012 755 4086 nomine
774 4013 867 4109 eius⁷
895 4022 933 4085 et
949 4024 1182 4111 cognoscant
1206 4037 1294 4087 euru
1314 4039 1402 4086 cum

313 4107 421 4182 Patre
435 4109 555 4184 Deum
568 4137 698 4185 verum
718 4137 802 4187 esse
821 4124 859 4187 et
877 4139 1004 4214 unum,
1024 4126 1061 4189 et
1075 4115 1270 4190 credentes
1285 4113 1401 4188 vitam
