3016 5016
321 473 366 546 16
460 466 673 542 unrunrcr
701 464 981 540 cunourcou
1006 465 1258 540 crvouns.
1301 415 1304 430 '

319 669 474 766 faciens,
507 679 546 741 ut
571 693 657 742 cum
681 666 840 766 paganis
864 666 1021 741 viriliter
1044 668 1081 740 in
1107 666 1226 767 prelio
1255 690 1415 766 congre·

318 771 478 868 diantur7
496 770 535 842 in
554 768 815 856 remissionem
834 768 888 842 eis
906 779 1160 866 peccatorum⁷
1179 769 1277 840 sicut
1291 767 1417 867 pecie-

319 881 422 966 rant,
455 870 626 970 iniungit.
679 870 784 943 Unde
811 868 999 967 peregrini
1028 870 1206 942 audacter
1232 868 1417 941 dimicare

319 997 386 1070 pro
401 971 538 1044 Christi
553 970 705 1044 nomine
720 970 950 1044 contendunt
965 979 1002 1042 et
1016 969 1131 1043 armis
1147 969 1223 1041 suis
1239 980 1419 1068 potenter

319 1071 488 1170 accincti,
515 1095 629 1146 naves
658 1095 745 1144 cum
763 1071 897 1167 quibus
917 1080 1024 1143 erant
1041 1070 1128 1142 ituri
1155 1095 1242 1143 cum
1260 1068 1419 1142 festina-

318 1173 426 1246 cione
450 1182 665 1271 preparant.
716 1170 824 1258 Quod
853 1169 1014 1247 Estones
1047 1196 1092 1244 ex
1122 1173 1277 1243 adversa
1305 1181 1420 1267 parte

317 1273 584 1372 intelligentes7
616 1281 701 1344 octo
733 1269 912 1369 pyraticis
943 1273 989 1343 ab
1022 1271 1105 1344 aliis
1137 1271 1419 1368 aliquantulum

317 1374 487 1469 remotis,
519 1382 651 1472 putant
677 1395 718 1445 se
743 1373 780 1443 in
811 1371 936 1444 medio
966 1371 1188 1471 peregrinos
1218 1371 1420 1466 uenientes

315 1497 432 1573 posse
457 1473 681 1546 concludere
709 1481 746 1544 et
770 1471 822 1544 ita
848 1495 963 1546 naves
983 1482 1112 1546 contra
1131 1495 1172 1545 se
1191 1482 1419 1571 preparatas

319 1599 465 1672 capere.
514 1561 760 1646 Theuthonici
790 1572 914 1668 itaque
942 1596 1028 1645 cum
1055 1573 1198 1671 impetu
1224 1572 1418 1647 irruentes

317 1674 354 1747 in
383 1697 462 1770 eos,
487 1673 674 1772 pyraticas
702 1673 795 1746 duas
815 1673 860 1744 ad
886 1672 1046 1746 Estones
1073 1673 1345 1772 ingrediuntur⁷
1375 1672 1418 1744 in

317 1774 451 1873 quibus
470 1773 666 1872 sexaginta
691 1773 784 1846 viris
805 1772 960 1870 occisis,
987 1798 1102 1848 naves
1128 1774 1333 1872 campanis,
1359 1773 1419 1848 in-

317 1875 506 1950 dumentis
525 1874 820 1947 sacerdotalibus
838 1883 886 1946 et
903 1873 1060 1974 captivis
1085 1873 1299 1947 christianis
1325 1899 1419 1948 one·

317 1988 399 2050 rate
429 1978 474 2048 ad
494 1976 683 2048 civitatem
702 1975 843 2070 Wysbu
863 1975 1108 2070 deducuntur,
1135 1975 1286 2049 tertiam
1304 2001 1418 2072 pyra·

316 2074 1417 2173 ticamquidamexTheuthoniciS‚fortisviribus,insilienS,

318 2189 476 2274 utraque
495 2202 609 2249 manu
623 2175 790 2274 gladium
804 2185 909 2249 tenet
921 2175 1161 2274 evaginatum
1177 2188 1214 2250 et
1226 2177 1312 2250 hinc
1326 2176 1417 2250 inde

319 2277 539 2378 percuciens
558 2279 652 2350 duos
672 2301 715 2349 ac
729 2275 861 2375 viginti
876 2301 920 2349 ex
938 2277 1107 2349 hostibus
1127 2278 1231 2350 solus
1250 2288 1417 2376 proster-

319 2379 385 2451 nit.
421 2379 463 2451 ln
488 2404 559 2476 qua
578 2378 669 2452 cede
688 2376 786 2450 ultra
804 2376 903 2452 vires
923 2401 967 2451 eo
987 2377 1194 2477 laborante,
1220 2377 1346 2451 velum
1366 2379 1414 2450 ab

317 2489 403 2553 octo
431 2477 541 2575 viriS,
575 2477 638 2574 qui
670 2478 792 2551 adhuc
818 2489 926 2552 erant
951 2479 1191 2576 superstiteS,
1226 2476 1265 2550 in
1292 2479 1414 2551 altum

319 2579 467 2654 ducitur
492 2590 540 2675 et,
569 2579 623 2653 sic
647 2589 758 2653 vento
785 2579 911 2652 velum
938 2578 1151 2677 extollente,
1178 2577 1277 2652 idem
1296 2578 1412 2653 homo

317 2681 488 2779 captivus
507 2677 703 2753 deducitur
721 2689 770 2774 et,
795 2689 929 2777 postea
950 2679 1108 2752 navibus
1133 2678 1172 2751 in
1201 2681 1414 2752 unum-col-

318 2780 447 2874 lectis,
480 2779 663 2853 occiditur
694 2790 731 2852 et
764 2779 829 2851 illa
860 2778 966 2852 navis
996 2790 1152 2878 propter
1182 2779 1413 2879 paucitatem

258 2875 308 2960 (3.)
318 2881 516 2955 hominum
534 2881 621 2978 igne
636 2879 875 2952 comburitur.
912 2879 992 2950 Hiis
1006 2879 1133 2976 itaque
1147 2880 1314 2978 gloriose
1328 2905 1414 2979 per-

319 2981 426 3077 actis,
446 2980 635 3079 peregrini
654 3004 785 3053 omnes
799 3004 867 3078 pro
883 2980 1021 3052 collata
1036 2979 1105 3052 sibi
1119 2979 1275 3055 victoria
1294 2981 1414 3054 omni·
1468 3030 1473 3040 ·

319 3080 461 3181 potenti
481 3083 561 3156 Deo
581 3080 729 3180 gracias
748 3081 936 3176 referunt3
963 3091 1001 3154 et
1019 3068 1219 3180 episcopus
1238 3082 1413 3156 homines

319 3207 405 3255 cum
436 3186 568 3277 rebuS,
601 3205 694 3280 quas
717 3180 856 3279 pagani
881 3180 997 3253 [lanis
1025 3182 1275 3280 abstulerant,
1302 3208 1414 3256 vene·

318 3282 426 3356 rabili
455 3286 592 3356 domno
619 3279 806 3354 Andree⁶⁸
835 3280 1036 3354 Lundensi
1055 3282 1201 3356 remisit
1230 3283 1415 3382 archiepi-

321 3407 450 3482 scopo.
630 3393 635 3400 ’

259 3479 309 3566 (l)
394 3484 497 3557 Tunc
520 3481 709 3580 peregrini
731 3483 870 3578 Wysbu
898 3482 1041 3557 diucius
1067 3483 1206 3557 morari
1226 3485 1413 3581 nolentes7

320 3584 391 3658 iter
409 3583 601 3682 inceptum
620 3593 807 3681 peragunt
826 3593 863 3656 et
881 3583 1015 3682 lligam
1034 3608 1153 3682 usque
1177 3584 1413 3684 perveniunt.
1469 3610 1473 3619 ⁹

319 3685 375 3758 De
400 3709 561 3782 quorum
586 3683 746 3756 adventu
775 3683 876 3758 cives
903 3695 939 3758 et
964 3685 1025 3758 alii
1050 3685 1087 3758 in
1106 3685 1200 3784 Riga
1219 3695 1414 3760 morantes

319 3785 427 3858 valde
454 3783 572 3882 gavisi
593 3785 740 3857 obviam
759 3783 813 3859 eis
833 3795 971 3858 exeunt
988 3796 1026 3858 et
1043 3811 1129 3859 cum
1147 3782 1315 3884 reliquiis
1333 3797 1425 3860 tam·

321 3884 540 3983 episcopum
568 3910 679 3981 quam
705 3910 856 3958 omnem
881 3885 999 3983 ipsius
1024 3887 1243 3960 comitatum
1262 3888 1416 3961 honori-

258 3985 392 4070 (atnoe
417 3984 634 4085 suscipiunt.
687 3985 775 4057 Post
800 3986 871 4058 hec
897 3985 1013 4060 frater
1042 3986 1294 4063 Theodericus
1326 4012 1415 4062 cum

319 4194 364 4268 68)
383 4192 417 4250 A.
440 4195 517 4251 1201.
538 4193 756 4267 archiepiscopus
776 4191 929 4248 Lundensis
949 4195 1060 4250 effectus
1081 4206 1128 4250 est.
