3104 5012
249 375 252 382 ’
286 411 384 486 132¹
427 405 640 482 rrumrrcl
669 402 946 480 canonicor
971 403 1224 480 uvvonna.

284 619 323 683 et
339 605 548 681 honorifice
573 604 718 681 remisit
741 604 779 678 in
796 603 987 680 Rosciam.
1021 604 1270 704 Ugannenses
1288 631 1378 682 vero

283 708 456 783 volentes
478 729 520 781 se
539 708 585 780 de
603 705 783 779 Ruthenis
802 705 1004 800 vindicare,
1022 717 1267 782 surrexerunt
1292 731 1380 780 cum

286 807 375 881 viris
405 805 573 980 episcopi
605 806 718 879 simul
749 816 904 881 etcum
934 805 1113 878 fratribus
1143 805 1303 904 milicie,
1342 816 1381 880 et

287 908 459 982 abierunt
476 906 514 980 in
565 905 709 980 usciam
727 929 860 980 versus
874 905 1117 1004 Nogardiam⁷
1135 916 1173 980 et
1190 906 1381 982 invenien-

286 1018 344 1084 tes
370 1017 511 1082 terram
534 1006 648 1080 nullis
672 1005 887 1080 rumoribus
913 1005 1185 1104 premunitam,
1216 1007 1380 1082 infesto

198 1125 277 1182 1217.
288 1107 498 1208 epyphanie
514 1130 602 1181 cum
621 1105 801 1182 conviviis
819 1116 858 1182 et
874 1105 1129 1205 potationibus
1155 1106 1234 1181 suis
1257 1107 1381 1206 magis

176 1198 235 1254 ¹⁸¹¹·
251 1199 277 1254 ⁶·
288 1210 412 1283 solent
429 1207 618 1305 occupari,
637 1206 843 1283 diviserunt
860 1205 1067 1281 exercitum
1085 1230 1196 1280 suum
1215 1233 1283 1307 per
1301 1232 1383 1282 om·

287 1333 355 1383 nes
373 1308 482 1382 villas
501 1319 539 1382 et
554 1307 648 1405 vias,
666 1319 705 1382 et
721 1307 991 1383 interfecerunt
1005 1307 1189 1406 populum
1205 1309 1383 1406 multum,

289 1420 327 1484 et
344 1406 523 1483 mulieres
548 1433 661 1505 quam
683 1406 867 1506 plurimas
885 1407 1053 1506 captivas
1070 1408 1316 1504 dedu-xerunt,
1343 1419 1386 1483 et

290 1531 406 1605 equos
440 1519 477 1581 at
509 1532 648 1606 pecora
678 1508 797 1581 multu
827 1507 1079 1605 depellentes²
1114 1509 1236 1606 spolia
1260 1510 1384 1583 multa

202 1682 204 1686 ,
288 1610 467 1703 tulerunt,
501 1617 538 1681 et
563 1609 652 1706 igne
676 1618 715 1682 et
738 1607 863 1707 gladio
890 1630 979 1681 suas
1006 1607 1162 1682 iniurias
1193 1609 1384 1684 vindican-

289 1719 347 1784 te's
373 1732 459 1780 cum
485 1708 587 1780 omni
613 1709 730 1808 preda
757 1707 899 1782 reversi
925 1718 1014 1780 sunt
1036 1708 1075 1782 in
1093 1705 1263 1808 Odempe
1290 1735 1386 1809 gau-

291 1809 432 1884 dentes.

230 1883 280 2006 (d.)
374 1908 464 1982 Post
493 1909 633 1983 festum
663 1906 874 2007 epyphanie
905 1907 1089 1981 miserunt
1119 1905 1302 2008 Rigenses
1334 1910 1383 1982 ad

291 2031 423 2082 omnes
440 2007 613 2104 Lyvones
632 2018 670 2082 et
694 2007 837 2103 Lettos,
865 2018 902 2082 et
923 2019 1252 2106 congregaverunt
1277 2032 1385 2083 exer·

291 2109 406 2182 citum
425 2132 618 2206 magnum,
646 2120 683 2182 et
700 2107 848 2183 iverunt
866 2108 903 2181 in
930 2107 1145 2203 Sackalam,
1171 2119 1210 2182 et
1227 2133 1386 2208 accepe-

290 2218 378 2281 runt
408 2208 577 2283 seniores
605 2206 774 2282 eiusdem
800 2207 992 2307 provincie
1018 2206 1088 2280 sibi
1114 2209 1247 2305 doceo,
1273 2234 1386 2284 vene-

289 2318 451 2405 runtque
470 2309 515 2381 ad
541 2333 607 2382 eos
625 2309 872 2407 Ugaunenses
892 2333 977 2382 cum
1001 2307 1267 2384 Theuthonicis
1292 2308 1385 2408 sum,

291 2417 329 2483 et
359 2419 626 2508 processerunt
656 2409 694 2481 in
726 2407 903 2504 Gerwen,
941 2406 1147 2483 dividentes
1179 2409 1386 2484 exercitum

292 2532 402 2583 suum
421 2535 488 2607 per
506 2532 637 2584 omnes
655 2509 764 2583 vilius
783 2533 827 2582 ac
854 2507 1066 2607 provincias
1085 2509 1251 2608 regionis
1270 2509 1390 2608 illiusp

293 2619 330 2682 et
349 2620 617 2708 percusserunt
638 2619 779 2684 terram
803 2609 926 2708 ipsam
945 2609 1057 2706 plaga
1076 2634 1227 2708 magna,
1254 2613 1386 2685 seden-

290 2720 350 2782 tes
369 2707 514 2782 invilla
533 2709 721 2784 Carethen
748 2733 814 2783 sex
840 2709 983 2804 dietus,
1007 2709 1250 2784 incendentes
1268 2721 1307 2784 et
1323 2736 1387 2784 va·

292 2803 436 2882 stante‘s
463 2809 590 2882 omnia
616 2809 918 2906 circumquaque.
971 2808 1018 2880 Et
1049 2821 1317 2909 processerunt
1346 2811 1386 2884 in

292 2907 495 3003 Vironiamq
523 2909 583 3006 qui
610 2920 717 2983 erant
739 2909 778 2981 in
805 2909 910 3005 equis
935 2908 1125 3006 fortiores7
1152 2920 1189 2984 et
1213 2909 1387 2986 similiter

291 3007 556 3082 terramillam
576 3009 837 3106 depredantes,
865 3018 902 3081 et
920 3008 1021 3082 viros
1039 3009 1321 3108 interficientes,
1348 3020 1388 3085 et

292 3107 471 3180 mulieres
490 3118 528 3180 ct
545 3108 723 3206 parvulos
741 3107 984 3207 captivantes
1003 3135 1090 3184 cum
1105 3111 1236 3208 spoliis
1255 3109 1385 3185 multis

293 3206 434 3280 reversi
454 3218 541 3280 sunt
558 3207 595 3280 in
610 3208 808 3282 Carethen.
845 3207 893 3280 Et
904 3221 1088 3283 venerunt
1105 3211 1150 3284 ad
1166 3235 1233 3285 eos
1247 3210 1385 3285 ibidem

294 3305 462 3380 seniores
480 3307 582 3381 illius
600 3307 790 3406 provincie
808 3308 1091 3408 GerwanenseS,
1110 3335 1244 3409 pacem
1258 3321 1387 3409 peten-

293 3413 352 3481 tes
381 3419 418 3481 et
443 3417 486 3480 ut
511 3409 558 3482 de
581 3407 716 3482 finibus
741 3407 820 3483 suis
846 3408 1001 3482 exirent.
1053 3411 1194 3498 Quibus
1213 3411 1387 3492 dixerunt

293 3506 383 3605 ipsi:
426 3507 467 3580 Si
492 3508 692 3605 volueritis,
718 3509 900 3607 inquiunt,
927 3531 1052 3582 oerum
1075 3531 1216 3605 pucern,
1244 3518 1386 3605 oporte·

295 3607 349 3680 ott
371 3625 436 3682 uos
464 3611 538 3681 veri
559 3613 719 3704 pacifici,
752 3612 814 3706 qui
840 3615 893 3681 est
918 3608 1090 3705 Christus,
1117 3610 1212 3700 filios
1229 3613 1320 3707 fieri,
1345 3617 1391 3684 ut

179 3735 185 3742 ·
293 3710 408 3801 ipsios
434 3708 651 3802 baptismate
672 3716 839 3804 suscepto
858 3716 1020 3782 nostram
1042 3713 1197 3804 possitis
1213 3713 1389 3798 fraterni·

294 3814 403 3880 tutem
426 3816 640 3904 perpetuom
668 3808 834 3903 adipisci.
888 3808 971 3895 Quo
998 3811 1124 3883 audito
1149 3811 1271 3910 gavisi
1298 3821 1389 3885 sunt

293 3906 577 4002 Gerwanenses‚
597 3919 634 3982 et
652 3919 694 3982 ut
710 3933 844 4007 pacem
862 3908 1082 4006 Rigcnsium
1095 3912 1274 4008 consequi
1286 3911 1388 3985 vale·
1435 3949 1440 3954 ,
1467 3991 1472 3999 ,

292 4015 390 4103 rent⁵
415 4017 494 4080 tam
511 4008 741 4106 baptismum
765 4033 895 4084 eorum
914 4008 1170 4108 promiserunt
1192 4035 1235 4085 se
1259 4035 1387 4087 serva·

293 4117 412 4205 turos,
438 4114 550 4203 quam
577 4131 733 4194 censum
753 4109 807 4183 eis
826 4119 1050 4208 perpetuum
1069 4112 1234 4185 daturos.
1279 4111 1387 4186 Unde
