3016 5016
221 415 223 422 ‘
284 429 499 508 uniamur
526 434 805 548 crinomoon
830 434 1081 510 urrunnu.
1178 441 1225 512 53
1293 378 1304 410 ⁷

6 630 14 643 ’
131 634 645 732 merueruntinterfecerunt,
661 645 698 708 et
712 635 1012 734 exstirpaverunt
1025 638 1225 712 traditores

132 739 179 811 de
198 736 335 809 linibus
353 735 438 809 illis.

206 837 289 922 Hoc
307 847 479 933 tempore
498 835 681 934 Rigenses
701 847 739 909 et
757 837 962 936 christiani,
983 839 1044 935 qui
1064 848 1172 911 erant
1190 836 1228 908 in
1240 837 1291 924 (2.)

3 1000 5 1009 ι
130 937 312 1033 Lyvonia,
346 961 479 1035 pacem
509 945 615 1009 erant
642 936 911 1030 desiderantes
944 948 981 1012 et
1006 964 1081 1010 non
1108 937 1228 1033 venit,

18 1063 22 1070 ·
131 1041 231 1111 bona
251 1049 359 1111 erant
377 1047 590 1135 querenteS,
618 1047 655 1109 et
674 1062 762 1111 ecce
780 1038 984 1111 turbatio1!
1020 1039 1115 1112 Nam
1143 1049 1229 1136 post

11 1160 17 1171 ·
131 1141 363 1236 lugamt
290 1137 363 1210 Rut
365 1138 550 1211 benorum
573 1147 794 1250 sperantes
822 1162 863 1212 se
890 1139 1229 1214 evasisseCharib·

132 1239 230 1333 dim,
258 1240 324 1313 sed
339 1249 421 1312 erat
435 1238 579 1310 adhuc'
570 1237 756 1313 inminens
771 1238 886 1314 Scille
888 1239 1121 1338 periculum,
1141 1263 1256 1310 nam

8 1381 13 1391 .
130 1341 376 1432 VestharduS,
404 1337 699 1435 Sernigallorum
725 1340 810 1436 dux,
838 1361 985 1413 memor
1008 1340 1129 1414 adhuc
1155 1340 1231 1414 bel-

131 1435 321 1514 lorumet
346 1440 534 1516 malorum
553 1440 772 1535 multorum,
800 1439 948 1536 quibus
959 1440 1231 1514 aLethonibus

132 1541 343 1614 debellatus
364 1549 401 1613 et
419 1539 644 1637 depredatus
659 1553 750 1638 sepe
764 1540 938 1613 fueratm
948 1541 1127 1614 omnibns
1143 1564 1231 1613 con·

132 1635 270 1714 finibus
289 1639 523 1738 Semigallie,
551 1641 595 1712 ad
616 1641 894 1737 expeditionem
909 1665 950 1715 se
969 1653 1148 1740 preparat
1167 1641 1231 1713 ad·

132 1765 265 1816 versus
275 1741 478 1832 LethoneS,
494 1739 553 1814 et
544 1765 582 1812 m
597 1740 690 1840 Riga
705 1741 997 1816 christianorum
1002 1742 1234 1856 suppliciter

134 1843 361 1942 deprecatur
378 1840 559 1914 auxilium
578 1842 761 1940 allegare,
787 1841 979 1939 quodiam
999 1843 1038 1915 in
1051 1842 1183 1916 alia
1149 1866 1232 1954 vrce

135 1943 360 2056 Rigensibns
385 1943 430 2015 ad
460 1943 731 2040 expugnandos
757 1942 852 2015 alios
880 1967 1060 2042 paganos
1071 1943 1174 2017 venit
1191 1941 1231 2014 in

136 2042 429 2138 adiutorium,
419 2065 574 2216 rtnsuper
608 2052 645 2116 et
676 2043 833 2116 deorum
861 2067 1015 2116 suorum
1042 2055 1165 2118 sortes
1193 2041 1233 2114 in

135 2144 343 2218 meliorem
352 2153 439 2242 part
441 2167 501 2216 em
521 2142 731 2218 cecidisse
721 2144 896 2217 insinuat.
933 2145 989 2217 Ad
1007 2146 1078 2218 hec
1097 2144 1232 2243 iligen·

136 2245 235 2318 sium
254 2244 423 2318 seniores
451 2244 541 2318 deor
543 2268 606 2318 um
625 2268 795 2358 suorum
806 2255 929 2318 sortes
948 2269 1023 2318 non
1043 2254 1232 2340 curantes,

135 2346 212 2418 imo
232 2355 387 2444 propter
405 2367 556 2417 suornm
578 2343 687 2441 pauci
689 2354 807 2418 tatem
833 2344 1013 2419 auxilium
1033 2345 1102 2418 sibi
1122 2347 1233 2418 dene·
1237 2409 1241 2414 .

136 2458 283 2559 ganteS,
311 2444 451 2520 bellum
469 2444 542 2517 hoc
559 2455 732 2541 ternpore
757 2455 845 2517 cont
847 2469 888 2518 ra
830 2445 1095 2520 tLethones
1114 2446 1236 2517 omni-

136 2546 257 2619 modis
284 2545 554 2619 contradicunt.
607 2544 681 2618 Sed
681 2569 869 2658 precum
900 2569 1054 2619 suarum
1080 2546 1233 2619 tandem

135 2647 335 2742 instancia,
362 2657 400 2720 et
426 2645 629 2718 stultorum
655 2644 838 2760 virorum,
872 2644 933 2742 qui
961 2671 1047 2718 cum
1075 2670 1118 2720 eo
1144 2645 1231 2718 ituri

137 2758 257 2845 erant,
284 2745 468 2847 pertinaci
488 2745 645 2819 audacia
670 2747 745 2819 vict
747 2745 770 2842 i,
730 2746 939 2820 thellum
966 2745 1020 2820 eis
1047 2771 1123 2818 non
1146 2771 1233 2845 pro·

136 2849 279 2937 hibere,
306 2847 383 2920 imo
413 2847 634 2921 obedienter
649 2871 715 2921 eos
742 2848 787 2920 ad
806 2872 974 2946 pugnam
993 2846 1156 2942 mittere,
1182 2872 1233 2922 ne

138 2948 320 3023 inanima
349 2959 386 3022 et
411 2971 570 3045 corpore
588 2947 857 3045 periclitentur,
885 2948 1101 3022 decernunt.
1150 2947 1235 3020 lllit-

137 3060 267 3122 tuntur
284 3048 411 3146 itaque
430 3072 517 3120 cum
530 3049 739 3122 Vesthardo
759 3047 1028 3148 quinquaginta
1042 3050 1103 3124 vel
1117 3049 1233 3147 paulo

137 3149 319 3249 plures
284 3149 366 3248 vrri,
392 3147 531 3224 milites
551 3172 595 3221 ac
614 3149 807 3245 balistarii,
834 3174 997 3224 necnon
1025 3160 1063 3224 et
1089 3174 1135 3223 ex
1159 3151 1235 3223 fra·

138 3251 258 3324 tribus
284 3244 423 3325 milicie
454 3248 592 3322 Christi
565 3249 768 3348 tplnres
822 3252 1027 3324 Assument
1012 3260 1070 3323 tes
1101 3274 1232 3323 secum

138 3351 350 3444 Danielem,
368 3350 622 3424 Ydumeornm
642 3351 892 3465 sacerdotem,
912 3349 1070 3448 profecti
1089 3349 1232 3423 suntin
1339 3375 1342 3382 ’

140 3463 281 3526 terram
300 3449 605 3548 Semigallorum.
650 3450 757 3538 Qui
746 3477 784 3523 m
803 3450 909 3548 equis
929 3451 1006 3524 suis
1025 3450 1234 3524 insidentes

140 3563 178 3627 et
203 3553 242 3625 in
269 3567 461 3625 armorum
486 3574 643 3624 suorum
667 3549 789 3626 nitore
812 3551 1019 3665 venientes,
1046 3550 1234 3649 benignis·

140 3652 235 3728 sime
255 3678 276 3725 a
295 3649 511 3751 Semigallis
537 3662 626 3724 sunt
650 3651 803 3749 recepti
848 3652 931 3740 Qui
945 3651 1137 3726 mittentes
1166 3675 1236 3748 per

141 3777 274 3828 omnes
301 3752 396 3826 fines
427 3776 516 3826 suos
541 3762 869 3852 congregaverunt
896 3751 1104 3826 exercitum
1129 3775 1235 3850 mag-

140 3880 243 3952 num,
272 3864 310 3930 et
334 3855 584 4026 procedentes
609 3877 727 3953 prope
751 3851 975 3926 Lethoniam
1002 3861 1113 3926 nocte
1132 3851 1236 3950 quie·

152 3966 263 4050 scunt,
299 3965 337 4029 et
361 3953 556 4052 quiescent
558 3977 598 4028 es
624 3977 647 4069 a
674 3953 743 4026 diis
768 3952 846 4027 suis
874 3953 999 4027 lutura
1027 3952 1236 4052 requirunt,
1267 3978 1269 3981 ·
1319 3997 1321 4001 -

157 4109 229 4181 let.
245 4109 343 4164 lerem.
359 4109 401 4174 14,
422 4109 469 4164 19·
488 4065 819 4180 Erspeclaoimmpacem
834 4113 924 4165 elnon
943 4114 984 4165 cat
1003 4111 1105 4181 donum,
1125 4113 1236 4165 etten-

148 4200 188 4239 ,ιιι
207 4189 363 4254 cuculonia,
383 4189 409 4239 et
427 4198 489 4240 ecce
507 4184 630 4238 turbatio.
