3104 5012
326 431 539 506 HElNRlCl
567 433 846 508 CHRONICON
871 432 1122 508 LYVONIAE.
1222 437 1270 512 99

172 631 504 726 SatteselenseS,
494 659 570 707 ram
588 634 756 708 dudum
746 659 783 707 1n
802 643 967 708 castrum
986 658 1096 707 suurn
1115 634 1271 733 recepti,
1392 691 1394 697 ,

171 729 317 810 bellum
336 743 465 807 contra
484 735 621 810 fratres
640 735 807 810 milicie
798 760 835 806 m
854 734 1076 848 Sygewalde
1094 734 1272 808 inchoan·

31 888 37 902 ..
171 843 244 927 teS,
264 844 446 933 ceperunt
463 833 674 908 familiam
664 859 834 933 ipsorum
848 835 1026 932 persequi
1045 844 1083 909 et
1097 834 1270 908 occidere

171 935 358 1030 quosdam
386 959 435 1008 ex
459 935 526 1008 eis.
570 938 619 1008 At
642 936 696 1008 illi
716 945 895 1011 exeuntes
914 935 959 1008 de
979 935 1135 1010 castello
1154 933 1272 1033 Sygo-

31 1064 33 1071 ·
170 1035 364 1128 waldensi,
393 1035 491 1131 quod
518 1036 664 1110 noviter
690 1035 967 1132 edificaverant,
996 1045 1033 1109 et
1051 1036 1271 1134 effugabant
1354 1071 1357 1076 ¹

172 1158 241 1208 eos
261 1145 502 1208 occurrentes
521 1135 588 1232 eiS,
616 1145 654 1209 et
678 1146 949 1235 persequentes
968 1158 1034 1210 eos
1054 1137 1270 1210 occidentes

30 1225 35 1246 ²
172 1233 304 1308 exeis.
341 1235 528 1330 Lyvones
539 1259 701 1334 quoque,
730 1237 858 1336 plures
884 1246 922 1310 et
939 1236 1120 1310 forciores
1138 1234 1271 1334 priori·

171 1336 243 1408 bus
267 1334 405 1408 iterum
430 1336 622 1412 obviantes
647 1336 734 1433 illis,
761 1346 799 1411 et
823 1346 1094 1434 persequentes
1122 1359 1201 1432 eos,
1233 1344 1271 1409 et

169 1434 442 1510 interficientes
474 1461 520 1511 ex
551 1436 622 1534 eis,
654 1437 874 1535 repulerunt
904 1461 970 1511 eos
1001 1436 1039 1509 in
1070 1437 1271 1511 castellum

171 1557 298 1608 suum.
344 1535 419 1607 Et
408 1560 446 1608 m
468 1537 568 1610 huno
587 1491 741 1610 niodum
756 1537 891 1614 :diebus
910 1537 1054 1634 aliquot
1071 1535 1271 1612 contende·

169 1637 273 1709 bant
310 1634 356 1707 Et
374 1636 514 1710 audivit
536 1637 733 1752 episcopus
752 1637 887 1712 litem
877 1636 1269 1736 1psorum,etm1ss1s

170 1735 320 1810 nunciis
339 1760 493 1811 causam
518 1737 642 1812 belli
631 1763 643 1810 1
673 1762 801 1812 sorum
826 1738 1066 1851 requirebat.
1096 1737 1142 1809 Et
1159 1761 1271 1812 vene·

169 1847 260 1909 runt
277 1836 618 1934 nunci1Lyvonum
636 1765 782 1938 lligam,
803 1849 839 1912 et
858 1837 1113 1935 querimonias
1132 1838 1269 1911 multas
1293 1902 1302 1927 ,,

36 1982 40 1990 ·
171 1939 218 2011 de
247 1937 405 2011 Rodolfo
434 1938 617 2038 magistro
644 1939 804 2012 fratrum
830 1939 970 2012 milicie
1001 1948 1214 2037 proponent
1216 1962 1269 2034 ee,

170 2061 288 2150 agros
314 2048 351 2111 et
376 2049 484 2137 prata
511 2050 550 2113 et
573 2040 753 2138 pecunias
777 2039 846 2112 sibi
872 2040 1017 2114 ablatas
1043 2040 1267 2152 referebant.

170 2139 220 2210 Et
237 2137 341 2212 misit
358 2138 559 2237 episcopus
577 2140 832 2214 illebrandum
851 2140 1100 2237 sacerdotem,
1119 2138 1183 2237 qui
1203 2163 1270 2214 eos

82 2303 87 2310 .
169 2239 440 2338 baptizaverat,
460 2265 546 2313 cum
565 2240 648 2314 aliis
667 2240 943 2337 quibusdam,e
945 2251 1112 2315 teuntes
1130 2241 1269 2312 frustra

170 2340 393 2453 laborabant
422 2365 493 2414 nec
518 2339 661 2414 litem
651 2364 773 2438 ipsam
806 2341 868 2415 det
853 2340 1057 2415 terminare
1083 2341 1268 2428 valebant.

169 2440 257 2553 lpse
284 2439 405 2514 eciam
432 2440 633 2554 episcopus
666 2465 752 2513 cum
783 2441 953 2539 Philippo
988 2423 1269 2612 Raoeburgensi

171 2541 349 2640 episcopo
368 2539 594 2615 l'horeidam
613 2541 797 2615 veniebat.
833 2541 880 2614 Et
898 2565 990 2613 voca
992 2540 1039 2612 tis
1053 2539 1267 2635 Lyvonibus

170 2666 257 2714 cum
277 2641 456 2714 fratribus
475 2640 624 2738 milicie
653 2664 787 2716 causas
806 2641 976 2740 ipsorum
999 2641 1183 2714 audiebat.
1220 2639 1269 2712 Et

169 2743 342 2838 Lyvones
369 2766 455 2814 cum
474 2741 590 2816 armis
614 2742 693 2814 suis
719 2750 824 2814 trans
848 2740 989 2815 flumen
1005 2741 1199 2838 -,sedebant
1231 2750 1270 2813 et

170 2842 441 2915 Thouthonicis
465 2843 727 2940 loquebantur,
755 2852 793 2915 et
815 2841 853 2914 in
872 2833 999 2915 multis
1017 2842 1092 2914 frat
1077 2852 1154 2915 tres
1172 2839 1268 2912 mili-

170 2943 229 3017 cie
248 2943 484 3015 accusabant
521 2943 569 3015 Et
554 2942 759 3040 tpromisit
773 2942 974 3041 episcopus
992 2941 1267 3017 restitutionem

118 3117 122 3122 .
171 3043 342 3117 omnium
370 3042 507 3116 iniuste
532 3044 756 3116 ablatorum.
800 3041 856 3117 De
880 3043 952 3116 biis
970 3069 1072 3139 vero,
1101 3067 1174 3140 que
1197 3067 1266 3142 pro

171 3144 389 3219 excessibus
415 3168 548 3218 eorum
574 3153 811 3242 acceperant,
838 3143 935 3216 sicut
963 3169 1008 3218 ea
1026 3144 1124 3217 iuste
1143 3143 1268 3217 derne·

171 3255 341 3342 ruerunt,
360 3245 412 3316 ita
430 3269 500 3319 nec
518 3244 665 3319 restitui
679 3243 1006 3342 promittebantur.
1043 3244 1090 3316 Et
1108 3245 1268 3342 pruden-

169 3356 253 3418 tum
270 3345 437 3419 virorum
456 3345 613 3418 consilio
633 3368 772 3443 pueros
791 3343 960 3442 ipsorum
984 3345 1185 3443 episcopus
1204 3346 1268 3416 ob·

172 3445 274 3519 sides
299 3445 535 3542 requirebat,
566 3471 614 3520 ne
648 3444 770 3519 afide
798 3445 1001 3519 christiana
1028 3445 1267 3538 recederent3

172 3547 239 3619 sed
258 3545 330 3645 ipsi
348 3569 418 3620 nec
437 3547 586 3620 obsides
605 3547 706 3640 dare,
726 3569 796 3618 nec
810 3545 988 3644 episcopo
1008 3569 1077 3619 nec
1090 3545 1267 3618 fratribus

171 3645 313 3721 milicie
340 3645 503 3744 obedire,
531 3647 597 3720 sed
623 3646 736 3720 fidem
764 3645 1008 3718 christianam
1035 3669 1122 3719 cum
1148 3645 1269 3720 Theu-

171 3746 335 3820 thonicis
374 3747 549 3820 omnibus
589 3746 777 3844 extirpare
815 3746 860 3819 de
899 3756 1000 3821 terra
1040 3746 1266 3842 cogitabant.

173 3847 282 3935 Quod
309 3847 564 3946 intelligentes
591 3845 757 3946 episcopi
785 3845 920 3945 Rigam
944 3847 1147 3921 redierunt.
1193 3845 1266 3921 Sed

167 3971 337 4045 'sequens
357 3963 441 4021 cum
459 3948 625 4021 lacrimis
644 3946 890 4046 supplicabat,
918 3957 959 4020 ut
983 3947 1120 4022 iterum
1146 3946 1269 4024 mitte·

173 4059 279 4122 retur
310 4047 510 4148 episcopus
538 4047 837 4148 Raceburgensis
857 4061 955 4121 'oum
984 4048 1199 4148 preposito,
1236 4050 1268 4123 si
1361 4045 1363 4051 ’

172 4150 272 4224 forte
292 4149 531 4245 quiescerent
549 4159 586 4224 et
605 4148 779 4222 salutaris
799 4148 919 4223 adbuc
938 4150 1107 4224 doctrine
1125 4149 1269 4224 monita
