3084 5018
317 483 386 557 172
457 477 669 552 HElNlllCl
698 476 978 553 CHRONICON
1004 476 1256 552 LYVONlAE.

311 679 462 754 invenit.
498 678 680 754 Similiter
698 689 736 752 et
748 679 971 753 Lettborum
986 680 1108 753 adhuc
1123 680 1300 753 sacerdos
1321 681 1410 753 abiit

311 780 350 852 in
368 779 578 880 Ugauniam
603 790 641 853 et
657 778 760 853 venit
785 779 822 850 in
849 780 1144 878 Walgatabalwe
1171 803 1304 855 versus
1331 781 1410 856 Ple·
1533 789 1535 872 ἢ

312 881 495 976 scekowe,
528 880 627 954 etin
653 879 831 954 extremis
851 879 992 952 villulis
1017 879 1091 952 illis
1115 880 1289 953 omnibus
1314 883 1410 955 cele·
1530 889 1535 974 j

310 983 454 1054 brando
483 980 659 1078 baptismi
690 990 989 1075 sacramentum,
1028 979 1142 1053 fidem
1174 981 1228 1054 eis
1260 982 1409 1079 aperuit

311 1080 567 1176 christianam,
586 1093 624 1155 et
637 1092 899 1155 consummato
915 1080 1142 1177 baptismate
1156 1105 1332 1155 reversus
1352 1093 1411 1156 est

311 1181 351 1254 in
379 1181 596 1277 Lyvoniam.
656 1181 798 1255 Eodem
829 1191 1002 1278 tempore
1034 1192 1320 1254 consummatus
1351 1193 1413 1256 est

310 1283 521 1381 baptismus
552 1308 621 1380 per
652 1281 865 1354 universam
904 1280 1118 1378 Estoniam,
1162 1292 1199 1355 et
1229 1282 1409 1379 baptizati

309 1383 452 1456 suntin
472 1381 646 1454 omnibus
664 1381 801 1454 linibus
820 1391 857 1453 et
881 1380 1083 1479 provinciis
1103 1380 1257 1455 Estonie
1275 1384 1410 1482 populi
1534 1387 1535 1390 ’

310 1481 432 1579 multi,
459 1482 566 1556 etita
585 1492 626 1555 ut
644 1482 706 1555 alii
726 1481 967 1555 sacerdotum
985 1481 1101 1578 mille,
1128 1492 1167 1555 et
1189 1482 1317 1581 plures
1345 1484 1411 1556 alii

309 1582 474 1680 quinque
500 1582 617 1678 milia,
644 1581 794 1679 quidam
822 1606 867 1655 ex
887 1581 941 1656 eis
968 1583 1099 1656 decem
1119 1581 1221 1656 milia
1241 1583 1410 1682 baptiza-

307 1692 443 1756 verunt
460 1682 499 1755 in
517 1682 667 1755 milibus
685 1683 765 1754 suis
785 1692 822 1756 et
840 1681 980 1781 plures.
1017 1682 1064 1754 Et
1081 1683 1269 1780 gaudebat
1288 1684 1410 1758 eccle-

309 1783 366 1856 sia
380 1784 483 1882 pacis
496 1782 779 1881 tranquillitate,
799 1794 836 1857 et
851 1783 1089 1856 collaudabat
1102 1782 1226 1856 omnis
1240 1784 1406 1881 populus

308 1884 525 1981 Dominum,
554 1883 614 1982 qui
634 1893 721 1983 post
739 1884 837 1957 bella
859 1883 1021 1981 plurima
1045 1883 1197 1958 tandem
1221 1885 1410 1957 convertit

309 1986 356 2057 ab
376 1985 550 2058 idolatria
574 1984 689 2058 corda
711 2007 945 2083 paganorum
974 1983 1019 2056 ad
1039 1983 1097 2056 sui
1116 1983 1185 2058 Dei
1204 1983 1406 2083 culturam,

309 2086 370 2183 qui
391 2096 448 2160 est
466 2085 682 2159 benedictus
701 2085 739 2156 in
758 2083 898 2158 secula.

248 2199 298 2284 (7.)
383 2186 527 2259 Eodem
554 2185 674 2259 eciam
697 2195 870 2282 tempore
895 2183 1088 2257 christiani
1115 2185 1160 2257 de
1186 2194 1285 2258 terra
1305 2185 1408 2259 lero-

306 2285 523 2359 solimitana
541 2296 720 2383 ceperant
737 2285 963 2382 Damiatam,
982 2283 1171 2358 civitatem
1191 2284 1339 2383 Egypti,
1368 2297 1408 2360 et

308 2387 529 2460 habitabant
546 2387 583 2459 in
603 2409 660 2483 ea,
687 2397 725 2459 et
750 2386 914 2460 habebat
940 2385 1101 2458 ecclesia
1120 2384 1188 2458 Dei
1206 2385 1406 2459 victoriam

309 2499 346 2561 et
363 2487 575 2585 triumphos
590 2488 635 2560 de
649 2486 808 2586 paganis
823 2511 891 2585 per
905 2487 1035 2560 orbem
1053 2485 1190 2582 ubique
1204 2491 1404 2586 terrarum,

306 2588 396 2660 licet
414 2588 521 2660 nobis
540 2612 614 2659 non
629 2588 744 2685 longo
759 2598 941 2685 tempore.
979 2587 1073 2659 Nam
1090 2585 1218 2683 statim
1232 2589 1407 2683 sequenti

219 2711 406 2768 1221.ann0
435 2700 522 2787 post
546 2687 726 2786 pascha¹³
749 2697 933 2760 venerunt
959 2685 1166 2760 Osilienses
1187 2710 1273 2759 cum
1300 2712 1407 2762 exer·

309 2789 385 2862 citu
405 2812 556 2887 magno,
577 2799 614 2862 et
627 2788 854 2861 obsederunt
867 2787 995 2859 Dauos
1014 2787 1051 2860 in
1066 2787 1217 2883 Revela
1236 2813 1408 2886 pugnan-

307 2901 365 2964 tes
393 2915 478 2962 cum
506 2889 560 2962 eis
585 2888 716 2961 diebus
741 2887 1053 2985 quattuordecim,
1080 2898 1117 2961 et
1135 2888 1243 2986 ignes
1262 2889 1406 2962 multos

308 2991 556 3064 accendentes
583 3013 648 3062 eos
667 2987 704 3059 in
723 2989 823 3060 hunc
848 2989 1001 3060 modum
1028 3012 1164 3086 capere
1190 2991 1406 3087 sperabant.
1514 3007 1520 3016 ·

309 3091 356 3161 Et
380 3089 576 3161 exiverunt
603 3087 698 3160 Dani
723 3090 769 3160 de
797 3099 920 3160 castro
950 3090 1172 3186 quandoque
1197 3089 1406 3186 preliantes

308 3214 395 3261 curn
414 3189 481 3284 em,
508 3188 719 3285 iterumque
744 3189 885 3287 repulsi
904 3191 1055 3260 suntab
1075 3189 1128 3262 eis
1148 3200 1236 3288 post
1252 3193 1407 3288 tergum

307 3290 344 3362 in
366 3298 541 3362 castrum.
591 3288 639 3361 Et
664 3288 832 3362 videntes
860 3287 1066 3362 Osilienses
1086 3313 1280 3389 coggones
1299 3302 1408 3387 quat·

308 3402 394 3463 tuor
411 3391 605 3464 venientes
624 3389 660 3462 in
680 3390 787 3487 mari,
814 3390 998 3463 timebant
1021 3415 1153 3488 regern
1180 3390 1296 3464 Dacie
1316 3415 1404 3464 cum

308 3491 473 3566 exercitu
495 3492 635 3566 venire.
677 3489 724 3562 Et
749 3490 1005 3587 relinquentes
1025 3501 1191 3564 castrum
1210 3491 1404 3564 Danorum

228 3639 231 3646 -
308 3592 480 3666 abierunt
504 3594 550 3665 ad
575 3615 690 3664 naves
719 3615 819 3688 suas,
847 3601 885 3664 et
908 3591 1049 3665 reversi
1069 3591 1211 3665 suntin
1230 3591 1403 3666 Osiliam.

306 3692 353 3764 Et
372 3693 556 3765 miserunt
573 3691 669 3764 Dani
688 3692 828 3789 statim,
848 3701 886 3765 et
904 3703 1085 3790 ceperunt
1103 3691 1273 3766 seniores
1287 3692 1408 3767 Reve-

305 3793 421 3866 lensis
440 3792 631 3890 provincie
650 3804 688 3866 et
706 3792 951 3866 Harionensis
970 3817 1039 3866 nec
1058 3816 1133 3866 non
1153 3803 1190 3867 et
1208 3793 1406 3868 Wironen-

305 3893 370 3988 siS,
399 3903 436 3966 et
455 3895 731 3992 suspenderunt
756 3917 901 3990 onrneS,
929 3904 1114 3990 quotquot
1139 3895 1290 3968 fuerant
1314 3919 1404 3968 cum

305 3992 552 4099 Osiliensibus
577 3994 613 4065 in
638 3993 832 4068 obsidione
851 3994 964 4067 castri
984 3994 1053 4094 sui7
1082 3995 1216 4070 sivein
1236 3996 1405 4069 consiliis

298 4175 349 4261 'm
371 4193 443 4264 quor
463 4202 527 4248 tunc
547 4195 574 4247 u
597 4194 638 4250 11.
659 4196 729 4251 nem
748 4195 851 4266 Aprilis
870 4197 1012 4252 inerrata.
