3104 5012
303 450 372 524 128
440 437 654 522 HElNlllCl
682 443 961 523 CHRONlCON
987 443 1239 522 LYVONlAE.

235 666 288 752 (9,)
374 643 462 722 Post
479 647 625 722 dierum
642 673 852 746 paucorum
866 646 1141 746 pausationem,
1161 647 1393 744 recuperatis

298 747 438 822 viribus
464 759 744 848 congregantur
771 749 909 822 iterum
928 747 1111 846 lligenses
1130 770 1216 820 oum
1234 745 1393 842 Lysoni·

297 851 365 922 bus
385 857 422 921 et
438 849 569 946 Lettis,
597 859 634 923 et
657 859 790 924 euntes
817 849 855 922 in
880 848 1003 948 glacie
1029 846 1158 943 maris,
1185 847 1284 944 quod
1309 854 1393 922 erat

297 949 475 1023 continua
500 948 653 1048 frigoris
673 949 877 1049 asperitate
901 948 1144 1048 congelatum
1162 946 1392 1044 firmissime,

296 1072 429 1124 versus
457 1048 617 1124 Osiliam
644 1049 850 1125 exercitum
879 1073 991 1123 suum
1018 1057 1293 1122 converterunt.
1346 1048 1393 1121 llt

297 1149 530 1225 invenientes
562 1150 660 1228 viam
689 1150 805 1224 maris
836 1149 1018 1249 optimam
1046 1147 1253 1222 exercitum
1280 1171 1392 1221 suum

297 1249 477 1347 dividunt,
511 1261 549 1325 et
574 1276 643 1351 per
668 1273 801 1325 omnes
825 1249 907 1324 vias
934 1274 978 1323 ac
1004 1247 1114 1323 villas
1142 1247 1392 1342 circueuntes,

298 1351 439 1446 multos
457 1351 793 1450 comprehendunt,
819 1361 857 1424 et
875 1350 975 1424 viros
1001 1372 1134 1423 omnes
1152 1347 1392 1443 interficiunt,

299 1450 479 1525 mulieres
510 1462 547 1525 et
576 1452 756 1550 parvulos
786 1461 824 1524 et
853 1474 994 1548 pecora
1031 1473 1162 1523 secum
1193 1449 1391 1521 abducunt.

297 1554 399 1650 Aput
428 1575 543 1623 unum
568 1561 780 1625 castrorum
805 1549 1038 1624 conveniunt
1053 1559 1098 1623 et
1123 1573 1210 1622 cum
1236 1548 1307 1643 eis,
1331 1548 1393 1645 qui
1522 1577 1538 1642 ,¹

298 1653 337 1724 in
356 1662 480 1724 castro
500 1662 618 1750 erant,
643 1651 880 1747 dimicantes,
907 1650 1109 1722 nonnullos
1129 1675 1174 1722 ex
1193 1649 1247 1722 ei's
1265 1648 1393 1722 vulne·
1409 1661 1430 1688 ²
1457 1683 1459 1688 ,
1503 1644 1506 1648 ’

299 1762 427 1824 rantes
446 1751 688 1846 interficiunt,
715 1763 752 1825 et
777 1776 843 1851 pre
870 1750 985 1823 nimia
1010 1749 1162 1848 frigoris
1181 1748 1393 1823 intensione

299 1863 466 1926 castrum
492 1853 617 1952 ipsum
643 1876 860 1951 expugnare
886 1874 962 1924 non
989 1859 1274 1948 attemptantes,
1307 1870 1393 1922 cum

301 1951 403 2026 omni
428 1952 559 2052 rapina
584 1963 623 2027 et
640 1952 797 2051 captivis
816 1950 957 2026 reversi
976 1960 1064 2024 sunt
1081 1975 1149 2048 per
1166 1951 1265 2023 viam
1285 1973 1393 2022 suam

299 2057 337 2129 in
356 2053 489 2152 glacie.
534 2054 581 2126 Et
605 2051 854 2126 clamantibus
873 2051 1095 2149 quibusdam
1115 2051 1212 2147 quod
1236 2049 1395 2122 malewa

300 2165 534 2254 sequeretur,
562 2163 600 2227 et
626 2152 710 2226 aliis
737 2152 960 2226 festinanter
982 2150 1157 2225 euntibus
1183 2151 1228 2222 ad
1252 2150 1393 2248 ignem,

302 2256 453 2354 quidam
481 2279 527 2328 ex
552 2254 607 2328 eis
626 2253 843 2327 deficientes
862 2262 901 2326 et
918 2251 1057 2350 lrigore
1084 2251 1272 2348 congelat-i
1300 2249 1396 2322 ceci-

302 2359 436 2444 derunt
454 2364 492 2429 et
509 2354 649 2426 mortui
667 2363 767 2449 sunt,
794 2363 832 2426 et
850 2351 912 2425 alii
931 2354 1013 2424 sani
1032 2351 1232 2425 redierunt.

220 2464 293 2552 (10.)
376 2456 582 2530 Transaota
602 2477 688 2528 vero
716 2453 902 2527 dominice
927 2449 1395 2547 resurrectionis-solemp-

227 2551 439 2652 laenitate,
474 2555 658 2630 miserunt
687 2554 848 2628 Estones
873 2551 920 2626 ad
950 2577 1082 2652 regem
1111 2551 1395 2625 Woldemarum

242 2627 285 2679 ¹⁰⁶
304 2660 349 2733 de
373 2657 547 2754 Ploceke,
573 2665 613 2728 ut
632 2680 718 2728 cum
741 2653 908 2731 exercitu
926 2675 1129 2726 numeroso
1156 2651 1311 2725 veniens
1337 2649 1396 2721 Ri-

302 2783 391 2857 gam
414 2757 613 2831 obsideret.
658 2753 734 2854 lpsi
753 2778 902 2852 quoque
926 2753 1100 2850 Lyvones
1126 2762 1163 2824 et
1184 2751 1317 2824 Lettos
1337 2749 1395 2825 in·

302 2859 412 2933 terim
440 2856 548 2931 bellis
574 2856 796 2954 deprimere,
827 2854 941 2928 simul
970 2864 1007 2926 et
1032 2863 1183 2951 portum
1210 2851 1247 2923 in
1271 2850 1397 2924 Dune-

302 2958 440 3031 munde
472 2981 513 3030 se
545 2955 741 3051 claudere,
772 2955 1010 3053 pollicentur.
1064 2953 1111 3024 Et
1141 2951 1283 3050 placuit
1313 2951 1396 3049 regi

302 3057 501 3130 consilium
525 3056 767 3154 perfidorum,
795 3055 857 3152 qui
880 3078 1031 3152 semper
1056 3051 1319 3148 Lyvonensem
1337 3075 1414 3130 ec·.

302 3157 457 3231 clesiam
477 3157 657 3253 querebat
675 3155 896 3251 disturbare,
915 3155 1143 3250 mittensque
1162 3153 1199 3224 in
1219 3151 1397 3225 Rosciam

302 3268 341 3331 et
357 3254 566 3354 Letoniam,
590 3255 810 3330 convocavit
832 3255 1039 3333 exercitum
1057 3277 1239 3351 magnum
1257 3252 1397 3324 Ruthe·

302 3381 438 3429 norum
466 3368 576 3453 atque
600 3357 797 3431 lietonum.
843 3355 889 3429 Et
915 3365 1114 3454 postquam
1140 3361 1396 3426 convenerunt

187 3539 191 3548 ,
303 3481 435 3531 omnes
454 3467 492 3531 et
509 3458 631 3555 parati
649 3467 766 3552 erant,
788 3467 833 3531 et
849 3480 915 3529 rex
934 3455 1140 3527 intraturus
1159 3463 1241 3526 erat
1259 3475 1394 3526 navem

303 3559 424 3631 iturus
443 3579 529 3631 cum
550 3557 616 3656 eie,
642 3557 764 3648 subito
785 3556 920 3630 cecidit
939 3566 976 3630 et
1001 3553 1216 3653 exspiravit,
1241 3562 1278 3626 et
1297 3575 1395 3624 mor·

301 3670 387 3731 tuus
415 3669 473 3732 est
503 3667 624 3731 morte
653 3658 847 3730 subitanea
880 3666 918 3730 et
948 3653 1171 3754 improvisa,
1203 3663 1240 3727 et
1272 3652 1394 3724 omnis

304 3759 489 3833 exercitus
508 3757 626 3855 ipsius
646 3757 837 3855 dispersus
865 3766 978 3830 estet
1003 3777 1178 3830 reversus
1197 3753 1395 3826 interram

221 3867 422 3953 {tltsuam
468 3858 515 3929 Et
541 3857 747 3954 audientes,
775 3857 837 3955 qui
865 3865 972 3930 erant
998 3855 1036 3927 in
1061 3854 1155 3952 llige
1180 3855 1225 3927 de
1249 3851 1394 3927 familia

302 3959 471 4058 episcopi
497 3968 534 4032 et
557 3959 694 4031 fratres
721 3957 872 4048 milicie,
898 3956 1053 4030 consilia
1072 3953 1269 4050 Estonum,
1295 3978 1395 4026 eme·

300 4069 388 4132 runt
401 4081 627 4156 coggonem,
645 4057 856 4132 munientes
876 4057 1014 4132 eumin
1030 4055 1186 4130 circuitu
1200 4064 1394 4150 tamquam

302 4169 480 4256 castrum,
508 4168 546 4231 et
571 4159 740 4231 locantes
765 4157 803 4229 in
829 4183 873 4232 eo
892 4157 993 4231 viros
1019 4155 1288 4254 quinquaginta
1308 4177 1394 4226 cum
