3104 5012
281 481 494 555 nurnnrcr
524 430 802 558 canonicor
827 429 1080 558 urvonuu.
1155 489 1226 561 143

126 682 331 780 Nogardie‚
358 706 428 755 nec
456 707 531 756 non
559 695 596 755 et
624 671 697 756 alia
725 685 798 756 duo
817 684 954 759 vexilla
982 707 1116 785 regum
1136 685 1248 759 alio·-

125 809 226 880 rum,
254 793 292 859 et
308 782 408 855 viros
426 793 620 880 portantes
638 784 923 858 interficiebant.
969 785 1017 858 Et
1042 787 1227 861 cadebant

129 883 251 958 exeis
270 908 339 982 per
355 883 455 956 viam
480 884 551 956 hac
571 895 608 957 et
626 883 726 980 illac⁷
753 896 791 958 et
809 888 1035 982 sequebatur
1054 897 1141 984 post
1159 909 1226 961 eos

126 995 232 1056 totns
264 983 450 1058 exercitus
478 994 627 1080 noster,
664 985 783 1058 donec
802 986 965 1064 tandem
991 986 1164 1081 Lyvones
1190 997 1228 1060 et

1 1100 2 1105 ’
127 1084 241 1181 betti,
266 1084 329 1181 qui
354 1084 471 1182 pedes
489 1087 701 1182 currebant,
727 1085 942 1159 deficerent.
988 1086 1035 1157 Et
1059 1087 1230 1160 ascendit
1324 1086 1332 1100 ‘

1 1237 2 1243 η
128 1187 387 1281 unusquisque
407 1209 545 1282 equum
571 1209 695 1281 suurn,
723 1195 760 1259 et
777 1185 965 1283 insequuti
984 1197 1071 1258 sunt
1087 1187 1227 1260 Ruthe·

126 1309 211 1364 nos.
246 1284 408 1359 Rutheni
425 1309 514 1359 vero
533 1286 735 1384 fugientes,
759 1286 839 1361 fere
858 1288 930 1358 duo
950 1286 1124 1384 miliaria7
1143 1312 1226 1386 per·
1236 1306 1287 1390 (3,)

126 1395 314 1459 venerunt
338 1385 383 1457 ad
410 1383 566 1458 fluvium
592 1387 811 1484 parvulumJ
846 1411 958 1483 quern
984 1398 1225 1462 transeuntes

126 1496 325 1560 steterunt.
375 1485 423 1558 Et
448 1497 776 1584 congregaverunt
800 1487 838 1558 in
864 1512 980 1560 unum
1008 1487 1224 1562 universum

128 1586 336 1660 exercituin
355 1609 478 1682 suurn,
498 1597 536 1659 et
549 1598 818 1684 percusserunt
833 1598 1055 1686 tympanum
1071 1600 1109 1661 et
1121 1589 1226 1661 fistu-
1248 1676 1251 1680 ¹

1 1701 2 1706 ’
125 1688 188 1760 las
220 1709 320 1782 suas‚
348 1696 386 1758 et
409 1710 476 1758 rex
505 1687 769 1760 Woldemarus
801 1689 847 1760 de
873 1688 1112 1762 Plescekowe
1138 1713 1226 1762 curn

1 1818 2 1821 ¹
125 1812 221 1884 rege
246 1786 436 1884 Nogardie
465 1785 701 1861 circueuntes
729 1787 935 1861 exercitum
963 1789 1227 1862 confortabant

128 1911 197 1960 eos
224 1888 269 1960 ad
293 1910 472 1984 pugnam.
515 1886 763 1961 Theuthonici
786 1911 889 1983 vero,
915 1898 1117 1987 postquam
1139 1914 1224 1987 per-

127 1998 329 2062 cusserunt
353 2011 419 2060 eos
443 2011 563 2083 usque
590 1989 636 2060 ad
661 1985 816 2085 flumen⁷
843 1997 1029 2062 steterunt
1046 1989 1169 2063 eciam
1189 2000 1227 2062 et

1 2101 3 2165 ἶ
127 2088 216 2186 ipsi,
244 2111 316 2166 non
334 2088 504 2161 valentes
524 2089 645 2162 eciam
664 2099 703 2162 et
719 2087 791 2187 ipsi
810 2113 877 2186 pre
896 2088 1134 2163 multitudine
1151 2090 1226 2161 Ru·

126 2191 332 2262 thenorum
357 2186 514 2261 fluvium
540 2190 586 2261 ad
606 2212 672 2262 eos
690 2188 862 2262 transire.
907 2189 954 2262 Et
972 2189 1226 2288 congregave-

1 2331 2 2340 =
127 2301 218 2365 runt
236 2312 277 2362 se
295 2288 333 2360 in
352 2288 526 2362 colliculo
546 2287 648 2361 fluvii
674 2289 794 2363 eciam
820 2301 858 2363 et
875 2289 947 2387 ipsi
966 2313 1135 2387 suorum,
1163 2291 1226 2388 qui

129 2391 395 2486 sequebantur,
422 2399 685 2487 exspectantes
704 2391 915 2462 adventurn.
960 2389 1006 2462 Et
1034 2389 1228 2463 ordinave-

1 2509 2 2512 ’
128 2500 217 2562 runt
236 2489 442 2563 exercitum
461 2490 638 2586 secundo,
659 2499 700 2561 ut
713 2489 776 2561 alii
794 2491 911 2587 pedes
930 2498 968 2563 et
986 2489 1048 2561 alii
1066 2489 1105 2561 in
1119 2488 1226 2587 equis

1 2677 2 2687 ἵ
129 2616 177 2664 ex
196 2590 353 2662 adverso
373 2589 632 2663 Ruthenorurn
652 2601 806 2685 starent,
826 2600 863 2663 et
882 2589 1093 2686 quicunque
1107 2589 1227 2686 Lyvo·

1 2705 2 2708 ’
128 2715 222 2762 num
242 2713 286 2763 ac
298 2690 493 2764 Lettorurn
508 2691 546 2762 in
561 2690 777 2763 colliculum
791 2689 907 2786 fluvii,
926 2690 988 2762 ubi
1003 2689 1104 2775 acies
1120 2702 1228 2763 erant

1 2791 2 2825 ³
129 2791 314 2888 ordinate,
332 2790 515 2889 pervenit,
533 2790 613 2864 visa
625 2790 869 2864 *multitudine
888 2791 1074 2865 exercitus
1088 2791 1227 2864 Ruthe-

128 2915 277 2988 norum,
309 2891 449 2989 statim,
477 2891 584 2989 quasi
611 2892 717 2964 clava
743 2915 948 2989 percussus
966 2892 1004 2962 in
1028 2891 1140 2987 facie,
1170 2916 1228 2964 re-

127 3004 297 3064 trorsum
312 2992 414 3089 abiit,
433 2994 755 3079 etdorsavertens
770 3015 944 3066 reversus
960 3002 1018 3065 est
1031 2993 1068 3064 in
1081 2993 1226 3091 fugam.

1 3087 2 3154 Ϊ
128 3093 178 3164 Et
206 3093 304 3191 fugit
328 3093 585 3190 unusquisque
613 3117 744 3167 eorum
776 3103 862 3191 post
892 3093 1025 3189 aliurn,
1056 3093 1228 3166 videntes

129 3191 289 3292 sagittas
320 3193 580 3267 Ruthenorum
611 3217 726 3292 super
754 3217 795 3266 se
826 3193 1039 3284 venientes3
1074 3194 1226 3266 tandem

128 3297 263 3392 fugam
281 3293 393 3367 simul
414 3317 545 3367 omnes
564 3293 737 3367 inierunt.
775 3293 822 3366 Et
840 3303 1026 3367 steterunt
1039 3292 1229 3366 Theutho·

128 3393 205 3468 nici
223 3394 306 3492 soli,
335 3419 495 3494 quorum
514 3404 621 3466 erant
638 3403 785 3467 tanturn
804 3393 964 3468 ducenti.
1001 3391 1075 3466 Sed
1100 3402 1138 3467 et
1155 3393 1227 3490 ipsi

129 3495 282 3592 quidam
301 3498 564 3568 subtraxerunt
582 3517 636 3590 se,
660 3503 702 3565 ut
719 3493 780 3565 vix
806 3504 957 3566 centum
975 3503 1229 3588 remanerent³
1284 3525 1286 3528 ·

129 3606 169 3670 et
185 3606 309 3668 totum
326 3597 473 3695 pondus
492 3594 603 3694 prelii
620 3617 772 3668 versum
799 3604 857 3668 est
881 3593 919 3665 in
944 3616 1021 3666 eos.
1065 3592 1228 3688 Ruthepi

127 3720 218 3769 vero
251 3697 373 3770 rivum
399 3696 562 3770 transire
589 3705 782 3794 ceperunt,
819 3704 856 3768 et
879 3691 1134 3793 permiserunt
1160 3716 1229 3766 eos

1 3815 2 3824 ¹
127 3795 390 3893 Theuthonici,
424 3799 544 3870 donec
570 3795 752 3893 aliquanti
776 3795 998 3891 transirent,
1036 3803 1075 3867 et
1099 3792 1228 3866 statim
1332 3853 1336 3864 ,

127 3909 399 3997 percusserunt
426 3921 492 3971 eos
518 3897 655 3970 iterum
683 3919 802 3993 usque
832 3896 878 3968 ad
905 3893 1073 3989 fluvium,
1106 3904 1144 3967 et
1162 3892 1228 3967 ali-

128 4012 222 4097 quot
253 4024 300 4072 ex
333 3999 386 4072 eis
422 3999 700 4071 interfecerunt.
762 3996 808 4068 Et
839 3995 976 4069 iterum
1009 3994 1073 4067 alii
1105 3994 1229 4068 rivum

127 4109 370 4174 transeuntes
398 4100 444 4172 ad
476 4098 773 4193 Theuthonicos,
808 4096 946 4170 iterum
971 4095 1114 4194 repulsi
1140 4107 1231 4167 sunt

1 4228 2 4231 ¹
128 4201 275 4276 abeis.
339 4199 499 4286 Quidam
532 4209 660 4272 autern
696 4208 901 4297 prepotens
941 4196 1230 4372 ff{.N⁰g³¹'‘¹i³²
