3084 5018
308 471 379 546 158
449 469 662 542 HEINRlCl
690 467 966 544 CHRONlCON
993 468 1245 544 LYVONlAE.

306 668 428 743 cedem
446 693 471 741 a
489 669 697 766 Seruipallis
715 673 931 764 accepimus,
958 677 1000 742 ut
1019 669 1072 742 ud
1089 667 1284 742 videndum
1302 686 1411 742 eser·

306 772 417 842 citum
442 777 600 845 uestrum
629 774 839 844 veniremus.
891 770 998 842 Nunc
1023 795 1109 866 erpo
1138 773 1214 842 viso
1241 773 1408 842 exercitu

306 877 435 965 vestro,
462 870 623 945 redimus
648 874 839 944 interram
866 879 1044 965 nostrum,
1069 894 1198 966 pacem
1215 869 1411 944 vobiscum-

305 973 444 1058 factam
472 973 669 1066 infrinpere
685 971 855 1045 uolentes.
899 972 946 1044 Et
968 971 1191 1045 abeuntibus
1210 970 1405 1044 Letthoni-

306 1074 375 1144 bus
402 1071 648 1146 Theuthonici
668 1074 827 1146 redeunt
844 1073 890 1146 ad
909 1082 1090 1168 castrum,
1117 1069 1287 1146 seniores
1305 1070 1411 1144 oeci-

306 1195 369 1246 sos
389 1172 620 1247 invenerunt.
657 1172 757 1260 Qui
748 1199 785 1245 1n
801 1183 925 1246 castro
941 1180 1213 1267 remanserant
1231 1170 1405 1244 videntes

122 1319 125 1326 ·
212 1304 216 1311 ’
306 1296 396 1351 suos
415 1274 570 1385 occisos,
598 1273 774 1372 deinceps
800 1274 901 1348 exire
924 1297 1000 1346 non
1026 1273 1176 1345 audent.
1220 1270 1279 1344 Fit
1303 1296 1405 1346 nova

306 1398 445 1472 pugna,
473 1374 610 1471 sagitte
635 1374 775 1470 volant,
801 1374 934 1451 lancee
960 1373 1157 1470 Lyvonum
1181 1394 1226 1444 ae
1250 1371 1411 1445 Lettho-

306 1498 388 1545 rum
421 1476 466 1547 de
496 1475 781 1571 propugnaculo
809 1475 950 1548 multos
976 1474 1128 1546 illorum
1159 1471 1409 1585 interficiunt,

307 1573 415 1687 ignes
443 1575 716 1671 accenduntur,
751 1576 893 1648 vallum
923 1575 1133 1648 suffossum
1164 1597 1251 1646 cum
1282 1573 1406 1646 muni-

306 1676 409 1747 tione
436 1673 511 1746 iarn
532 1675 584 1746 ad
609 1684 749 1748 terram
775 1675 960 1749 dilabitur.
1014 1674 1123 1762 Quod
1150 1673 1319 1746 videntes
1347 1673 1409 1746 illi

306 1775 521 1871 nulliusque
551 1775 779 1850 defensionis
807 1775 968 1873 amplius
996 1774 1175 1848 solatium
1204 1774 1408 1872 habentes,

306 1901 375 1975 per
392 1886 512 1948 totam
531 1886 681 1950 noctem
705 1877 926 1974 suppliciter
944 1885 1113 1971 exorant,
1140 1883 1325 1970 quatenus
1345 1874 1409 1947 eis

305 1976 411 2089 pacis
430 1977 613 2051 securitas
639 1976 821 2073 firmetur,
850 1987 890 2050 ut
908 1978 953 2051 de
980 1989 1106 2050 castro
1130 1976 1411 2048 descendentes

306 2077 421 2150 vitam
447 2075 648 2150 obtineant.
623 2077 867 2164 tQuorum
885 2079 1064 2151 misertus
1084 2074 1285 2174 episcopus
1313 2099 1406 2148 cum
1527 2099 1535 2158 ι

308 2179 402 2250 duce
428 2185 465 2250 et
490 2177 591 2248 omni
618 2178 713 2249 mult
698 2177 867 2275 titudine,
894 2178 997 2252 misit
1020 2177 1075 2251 eis
1086 2177 1251 2348 signtum
1279 2175 1410 2250 crucis
1495 2163 1535 2296 l

307 2287 437 2350 sancte
461 2276 499 2349 in
527 2287 706 2374 castrum,
734 2288 771 2352 et
798 2278 1035 2352 crediderunt
1061 2277 1193 2373 eie,et
1219 2276 1407 2374 promise·
1533 2305 1535 2396 ,

306 2387 405 2474 runt,
430 2377 607 2476 deinceps
625 2403 667 2452 se
686 2377 784 2452 sacri
802 2379 978 2477 baptismi
997 2388 1276 2452 sacramentum
1296 2401 1406 2452 nurn-

307 2503 420 2575 quam
438 2478 591 2552 violare.
635 2479 683 2550 m
699 2480 975 2553 descenderunt
1000 2481 1046 2553 de
1073 2489 1197 2552 castro
1217 2503 1304 2550 cum
1321 2501 1408 2550 mu·

304 2578 458 2652 lieribus
486 2590 524 2652 et
548 2579 715 2678 parvulis
740 2579 831 2677 suis,
859 2589 897 2654 et
922 2580 1094 2672 abierunt
1116 2580 1154 2652 in
1172 2578 1280 2651 villas
1300 2601 1404 2652 suas

306 2679 501 2752 Exercitus
520 2704 670 2792 quoque
697 2692 862 2754 castrum
891 2682 1099 2755 ascendens
1121 2679 1273 2777 diripuit
1289 2703 1407 2777 pecu·

305 2781 387 2852 nias
407 2789 445 2854 et
430 2779 645 2852 ttsubstan
620 2788 712 2853 tram
733 2805 885 2854 omnem
905 2792 943 2856 et
961 2805 1077 2879 equos
1097 2790 1135 2854 et
1160 2803 1309 2878 pecora.
1353 2779 1407 2852 m

305 2880 478 2974 Lyvones
497 2888 535 2952 et
520 2879 676 2953 tLetthi
702 2881 817 2953 nichil
835 2881 885 2954 ibi
903 2882 1187 2992 relinquenteS,
1200 2880 1327 2953 omnia
1345 2891 1409 2953 tu·

305 2980 442 3074 lerunt,
470 2989 508 3052 et
534 2979 688 3054 incenso
714 2992 838 3056 castro
869 3007 953 3056 cum
982 2983 1084 3056 omni
1108 2980 1239 3079 rapina
1259 2981 1407 3054 reversi

306 3089 394 3150 sunt
411 3079 449 3151 in
462 3080 681 3177 Lyvoniam,
700 3081 780 3156 Deo
800 3082 942 3197 gratias
956 3085 1164 3158 referentes
1179 3081 1224 3155 de
1238 3080 1407 3156 vindicta

295 3177 432 3251 ¹facta
423 3205 459 3251 m
479 3191 592 3278 gente
610 3182 675 3255 illa
693 3182 906 3280 prevaricat
906 3183 983 3258 rice
984 3210 1087 3282 ,que
1101 3186 1301 3296 verborum
1316 3205 1412 3254 suo*

302 3304 388 3352 rum
406 3281 533 3377 oblita,
560 3281 674 3356 fidem
693 3283 831 3356 Christi
850 3285 1007 3383 respuit
1034 3283 1210 3384 baptismi
1237 3283 1406 3382 gratiam

303 3379 430 3477 irrisit
467 3407 703 3481 paganorum
729 3383 861 3459 ritibus
884 3386 1022 3459 iterum
1048 3383 1297 3460 contaminari
1323 3408 1401 3456 non

242 3493 282 3576 (9.
284 3479 435 3578 ttimuit.
479 3483 633 3558 Reversi
651 3484 835 3598 Rigenses
854 3487 900 3561 de
919 3485 1152 3586 Semigallia,
1170 3486 1401 3559 reduxerunt

303 3581 350 3654 ad
369 3585 593 3657 memoriam
613 3586 741 3658 omnia
759 3587 871 3698 mala,
898 3612 970 3685 que
988 3587 1244 3662 Harionenses
1263 3595 1301 3659 et
1318 3583 1407 3658 Osi

300 3681 441 3758 lienses
459 3684 672 3779 Lyvonensi
691 3684 818 3783 sepius
836 3687 1041 3762 intulerant
1065 3687 1237 3802 ecclesie,
1266 3697 1303 3761 et
1321 3685 1409 3782 qui

184 3784 185 3788 ’
301 3793 474 3857 escentes
507 3784 650 3858 duabus
682 3787 918 3885 ebdomadis,
952 3799 1029 3863 tam
1062 3788 1133 3888 ipsi
1165 3812 1279 3886 quam
1312 3787 1404 3883 equi

280 3906 446 3980 eorum,
472 3883 608 3958 iterum
634 3899 962 3988 congregaverunt
985 3889 1190 3964 exercitum
1215 3912 1403 3986 magnum

299 3983 495 4096 Lyvonum
515 4010 559 4059 ac
577 3986 799 4062 Letthorum
819 3999 857 4065 ct
876 3990 1281 4087 Theutltonicorum,e
1261 4000 1298 4063 t
1316 3999 1398 4062 erat

301 4107 388 4158 cum
419 4083 473 4158 eis
505 4086 579 4158 dux
610 4085 774 4163 Saxonie
804 4091 997 4189 Albertus,
1029 4093 1157 4166 senior
1183 4115 1328 4187 eorum,
1361 4102 1398 4162 et

300 4183 483 4283 magister
509 4187 714 4284 Volquinus
741 4215 825 4264 cum
851 4147 1028 4269 fratriblrs
1047 4194 1138 4292 suiS,
1166 4204 1204 4270 et
1229 4191 1407 4267 Theode
