3016 5016
305 464 329 533 a
470 459 676 534 autumer
703 459 975 535 cuuourcou
1000 435 1247 536 trvounu.

308 661 664 759 complectentibus5
693 661 849 760 tercius7
876 661 1016 734 Ymaut
1042 661 1215 757 nomine,
1243 687 1264 735 a
1289 673 1406 762 tergo

257 773 259 781 '
307 762 439 834 lancea
468 760 680 860 perfodit⁵³,
707 787 819 858 quem
845 761 970 836 etalii
998 759 1238 836 membratim
1266 763 1423 838 didace«

243 869 298 954 tt.)
307 871 402 934 rant.
437 861 609 958 Lyvones
624 886 665 936 se
680 862 856 960 subsequi
869 872 1043 936 verentes
1058 863 1265 937 exercitum
1282 865 1410 963 preci·-

307 962 404 1060 pites
422 962 583 1060 fugiunt,
604 962 689 1059 quia
708 962 876 1037 videntes
891 987 1003 1036 unam
1023 963 1138 1036 occisi
1152 965 1404 1038 Theuthouici

307 1062 456 1164 galeam
475 1063 691 1160 militarem,
719 1089 830 1160 quam
850 1063 963 1161 capiti
983 1087 1051 1136 suo
1076 1064 1178 1160 Lyvo
1196 1090 1410 1162 percussor

306 1164 549 1260 imposuerat
586 1165 736 1237 Amisso
752 1165 891 1238 etenim
907 1164 1029 1264 capite
1044 1189 1112 1237 suo
1128 1164 1305 1238 nimirum
1325 1178 1406 1239 tur·

307 1265 416 1337 hatur
443 1265 649 1359 exercitus,
677 1276 715 1338 et
741 1274 818 1337 tam
844 1265 949 1361 cquis
977 1290 1089 1362 quam
1117 1266 1290 1364 navibus⁷
1322 1278 1403 1340 tam

308 1365 395 1462 igne
421 1390 534 1461 quam
559 1365 684 1462 gladio
703 1364 898 1460 Lyvonum
926 1365 1086 1463 perdunt
1103 1376 1265 1464 segetes.
1316 1367 1405 1454 Quo

307 1465 388 1538 viso
407 1464 592 1560 Lyvoues,
621 1477 661 1538 ut
683 1465 888 1538 maioribus
907 1465 1079 1564 dampnis
1099 1477 1309 1562 occurrant7
1337 1493 1406 1566 pa-

309 1590 391 1638 cem
410 1565 588 1638 innovant
608 1575 657 1659 et7
675 1565 819 1639 v'ocatis
839 1567 883 1638 ad
904 1590 945 1640 se
965 1566 1122 1664 clericiS,
1147 1569 1344 1666 primodie
1362 1568 1402 1640 in

309 1666 445 1740 Holme
473 1665 620 1739 circiter
646 1669 695 1740 50
719 1666 896 1764 baptizati
925 1676 1031 1762 sunt,
1069 1669 1242 1765 sequenti
1273 1670 1331 1742 die
1362 1669 1402 1741 in

308 1766 494 1840 Ykescola
515 1766 662 1840 circiter
683 1770 754 1841 100
774 1777 1048 1840 convertuntur.
1091 1765 1314 1843 Sacerdotes
1334 1794 1408 1868 per

309 1878 433 1940 castra
452 1866 661 1965 suscipiunt
679 1892 826 1941 annone
840 1891 1058 1942 mensuram
1071 1869 1117 1942 de
1136 1870 1303 1966 quolibet
1320 1895 1409 1943 ara·

308 1965 405 2040 tro⁵4
437 1970 481 2040 ad
514 1992 700 2066 expensas
732 1967 913 2064 cujusque
948 1969 1157 2042 sacerdotis
1188 1971 1401 2055 statuendo.

180 2157 182 2161 ι
309 2067 389 2140 Hiis
413 2064 508 2141 visis
529 2069 723 2167 mitigatur
745 2071 931 2144 exercitus
958 2071 1063 2142 etad
1088 2068 1250 2143 reditum
1268 2095 1406 2169 prepa-

249 2180 422 2268 (ss‚)ratur.
522 2169 692 2265 Lyvones
711 2167 842 2268 igitur,
869 2171 1009 2242 amisso
1028 2181 1180 2269 pastore
1205 2195 1287 2266 suo,
1315 2197 1407 2245 con·

309 2269 393 2341 silio
420 2269 644 2343 clericorum
663 2279 701 2342 et
718 2271 877 2342 fratrum
905 2269 1061 2342 nuncios
1088 2295 1154 2368 pro
1179 2295 1407 2346 successore

309 2395 406 2446 novo
434 2372 472 2442 in
498 2370 743 2444 Theutoniam
772 2371 934 2443 mittunt.
984 2371 1031 2442 Et
1053 2370 1108 2444 sic
1127 2372 1277 2446 credula
1297 2372 1407 2471 pacis
1465 2439 1466 2442 ,

308 2471 451 2545 incerte
469 2468 661 2543 Saxonum
689 2474 796 2544 turba
823 2471 1033 2545 revertitur.
1083 2473 1236 2546 Manent
1262 2472 1402 2570 clerici⁷
1458 2491 1464 2499 ·

309 2583 436 2645 manet
462 2573 567 2645 navis
588 2597 659 2645 una
679 2584 943 2646 mercatorum.
988 2572 1066 2644 lam
1085 2573 1169 2646 vela
1190 2584 1321 2647 ventus
1341 2574 1406 2647 de·
1464 2625 1467 2630 ,

269 2763 272 2769 k
308 2673 414 2770 pulit,
439 2683 475 2746 et
494 2673 601 2747 ecce!
629 2671 760 2770 perfidi
779 2672 963 2768 LyvoueS,
983 2673 1028 2746 de
1047 2673 1190 2747 balneis
1210 2677 1407 2748 consuetis

308 2773 464 2869 egressi
484 2774 591 2846 Dune
606 2771 771 2844 fluminis
786 2797 882 2868 aqua
902 2795 944 2846 se
957 2774 1196 2870 perfundunt,
1215 2775 1402 2848 dicentes:

308 2873 378 2946 Hic
402 2877 479 2945 iam
501 2873 731 2966 baptismatis
756 2895 892 2968 aquam
909 2896 1001 2944 vcnm
1030 2877 1111 2967 ipsa
1138 2875 1408 2948 christianitate
1461 2895 1466 2907 “

308 2983 531 3046 removemus
549 2995 647 3069 aqna
672 2975 830 3057 flaminis
848 2980 884 3046 et
899 2971 1005 3060 fidem
1023 2983 1228 3069 susceptam
1248 2978 1403 3063 exfestu-

309 3081 449 3166 cantes,
478 3080 562 3165 post
588 3072 755 3147 Senones
778 3071 979 3147 recedentes
1004 3077 1293 3149 transmittimus.
1342 3075 1403 3148 Illi
1458 3134 1464 3147 ,

308 3183 436 3246 autem
463 3175 524 3270 qui
557 3183 794 3248 recesserant
828 3175 865 3245 in
894 3174 1087 3247 cuiusdam
1118 3177 1262 3250 arboris
1293 3200 1403 3250 ramo

308 3273 413 3370 quasi
434 3283 547 3372 caput
564 3273 728 3346 hominis
747 3273 966 3368 inciderant,
985 3276 1082 3372 quod
1099 3275 1270 3370 Lyvones
1284 3276 1404 3350 Saxo·

307 3399 397 3446 num
413 3376 525 3448 deum
537 3385 718 3473 ‘putantes
739 3385 776 3448 et
794 3401 839 3448 ex
857 3375 930 3448 hoc
948 3375 1212 3449 inundanciam
1232 3388 1270 3453 et
1288 3379 1416 3475 pesti·‘

306 3474 467 3548 lenciam
486 3473 554 3546 sibi
575 3474 777 3548 immittere
796 3476 1005 3572 credentes,
1031 3488 1136 3550 cocto
1167 3478 1269 3551 iuxta
1287 3478 1403 3551 ritum

307 3576 478 3674 medone,
488 3576 745 3649 combibentes
755 3586 904 3674 captato
916 3576 1074 3651 consilio
1085 3581 1403 3676 caputabarbore

306 3765 351 3835 53)
370 3763 524 3820 Secundum
545 3766 715 3820 traditionem
729 3765 892 3837 Lyvonicam
913 3765 963 3820 lul.
973 3767 1019 3821 24.
1041 3765 1182 3822 Consentit
1200 3770 1403 3840 quodammodo

304 3836 1463 3913 mmmmmmdmpmstmmmmmfflmmm‘

306 3912 389 3965 fuisse
415 3911 614 3967 coniicieudum
640 3921 689 3966 est.
727 3912 799 3967 Fasti
820 3911 1035 3985 Agrippinenses
1058 3931 1122 3966 voro
1141 3933 1166 3985 p.
1184 3915 1252 3968 733:
1280 3913 1341 3970 Oct.
1354 3915 1405 3970 20.

306 3982 350 4054 54)
369 3984 386 4036 i.
407 4001 430 4036 e.
450 3985 581 4047 detersa,
602 3995 700 4056 quauta
721 4003 776 4040 uuo
795 3995 883 4047 aratro
896 3987 966 4038 arari
985 3995 1081 4056 potest.
1120 3985 1161 4042 et.
1180 3985 1357 4042 Helmoldum
1378 3986 1404 4052 1,

305 4053 1404 4130 pwfflXsswmmm—mmmmmmmmfflmm

305 4131 534 4256 {dwiminavgio
555 4137 673 4185 aratrum
695 4148 747 4200 par
767 4133 841 4184 doum
861 4137 907 4184 aut
928 4147 995 4185 anas
1014 4131 1117 4200 conficit
1134 4149 1225 4205 equus.
1264 4131 1305 4188 Cf.
1325 4150 1404 4187 eun·
1464 4140 1467 4149 “

323 4218 364 4254 em
400 4242 406 4266 ,
464 4243 469 4256 .
528 4243 534 4256 .
1078 4221 1081 4227 ’
