3084 5018
280 492 494 566 nainnici
522 490 801 566 canonicos
826 473 1075 564 nivosus.
1154 489 1226 564 155

130 695 321 768 nobiscum
351 692 486 786 colere,
520 716 652 785 pacem
682 683 802 789 illam,
840 717 951 789 quam
981 692 1085 767 nobis
1115 693 1226 790 dedit,

131 818 243 892 quam
269 791 467 866 abscedens
494 792 693 866 cultoribus
720 797 797 866 suis
820 793 976 889 reliquit,
1002 794 1104 868 uobis
1123 793 1227 866 dabi-

132 919 227 989 mus,
263 900 296 966 a
322 896 553 987 inperpetuo
578 896 828 980 fraternitatis
846 901 972 967 nostre
998 897 1228 967 consorcium

8 975 10 1050 ἶ
130 996 355 1090 recipiemus.
408 993 455 1066 lit
479 993 622 1091 placuit
649 993 704 1067 eis
730 996 899 1091 verbum,
927 1004 964 1068 et
991 994 1117 1066 statim
1142 1019 1228 1092 pro·

130 1095 319 1169 wmiserunt
345 1092 470 1166 omnia
504 1092 788 1167 christianitatis
819 1093 898 1166 iura
927 1119 1011 1167 cum
1040 1093 1226 1191 baptismo

131 1194 352 1294 Rigensium
372 1217 413 1267 se
427 1192 589 1288 fideliter
607 1205 841 1292 accepturos,
878 1195 969 1267 Erat
987 1206 1113 1269 autem
1133 1195 1230 1268 inter

13 1350 17 1359 ·
134 1319 201 1372 eos
228 1293 475 1387 Thabelinus,
511 1295 700 1390 quondam
725 1319 745 1366 a
772 1294 911 1367 nostris
937 1294 975 1368 in
1003 1294 1230 1367 Gotblandia

132 1395 357 1493 baptizatuS,
385 1406 423 1468 et
439 1393 682 1489 Kyriawanus
702 1395 810 1492 alter,
829 1395 891 1492 qni
910 1396 1062 1492 petebat
1079 1421 1102 1468 a
1121 1395 1229 1468 nobis

134 1499 276 1568 bonum
305 1496 417 1569 deum
449 1495 520 1566 sibi
551 1495 648 1591 dari,
683 1495 830 1591 dicens,
871 1519 914 1568 se
943 1496 1087 1568 malum
1117 1496 1230 1569 deum

132 1599 319 1670 hactenus
336 1593 527 1670 habuisse.
572 1595 711 1668 Fuerat
734 1595 834 1670 enim
853 1596 968 1668 homo
987 1596 1086 1669 idem
1111 1596 1231 1669 infeli·
1293 1603 1296 1610 “

137 1697 311 1771 sissimus
325 1719 449 1792 usque
464 1697 510 1768 ad
525 1693 616 1767 illud
630 1706 780 1793 tempus
800 1696 838 1767 in
853 1695 957 1767 omni
973 1695 1132 1794 negocio
1146 1719 1228 1772 suo.

8 1825 10 1890 ξ
134 1796 210 1871 Sed
224 1806 424 1894 postquam
440 1795 650 1894 baptizatus
664 1807 724 1870 est
737 1820 758 1868 a
772 1796 892 1891 nobis,
906 1796 1029 1869 factus
1044 1806 1103 1870 est
1115 1797 1229 1868 homo

8 1929 10 1982 ξ
133 1896 391 1994 felicissimae,
415 1907 530 1994 prout
551 1897 794 1994 postmodum
819 1896 1016 1970 confessus
1036 1907 1093 1970 est
1111 1896 1231 1992 nobis,

8 1999 13 2070 ἵ
136 2009 176 2072 et
194 1997 321 2070 omnia
334 2020 517 2094 prospera
530 2006 714 2070 venerunt
728 1997 762 2070 ei
776 1997 916 2109 pariter
929 2021 1016 2070 curn
1030 1996 1230 2093 baptismo.

135 2098 193 2171 Ad
221 2097 445 2210 petitionem
474 2097 601 2194 itaque
632 2097 751 2195 ipsius
783 2098 1056 2195 importunam,
1095 2095 1232 2170 ibidem

8 2213 10 2228 ²
136 2197 260 2272 Deum
275 2193 518 2296 promisimus
536 2197 607 2269 sibi
623 2197 887 2311 propicium,e
889 2196 1144 2310 ttemporalia
1164 2196 1234 2269 sibi

8 2317 10 2378 ς
137 2298 372 2372 sufficienter
397 2323 486 2371 emn
513 2298 550 2370 in
576 2299 650 2370 hac
673 2299 750 2370 vita
776 2299 950 2370 daturum
979 2307 1017 2371 et
1041 2299 1079 2369 in
1105 2298 1232 2370 futuro

8 2415 10 2446 ³
136 2399 255 2472 vitam
280 2409 460 2472 eternam
509 2398 555 2470 Et
581 2398 737 2472 credidit
761 2399 881 2495 nobiS,
909 2410 946 2471 et
963 2389 1091 2470 statim
1110 2397 1235 2470 cathe-

8 2493 13 2525 ⁷
140 2498 344 2572 citavimus
381 2523 484 2595 eum,
524 2508 562 2572 et
594 2501 741 2571 astabat
771 2498 806 2572 ei
837 2453 1018 2611 llbdolfus
1053 2497 1238 2604 magister

139 2599 279 2673 milicie
298 2599 478 2696 patrinus
527 2598 735 2696 Dumque
726 2624 803 2672 iam
822 2623 908 2672 eum
926 2597 963 2670 in
992 2620 1100 2670 sacro
1125 2591 1238 2670 linire

9 2731 11 2797 3
139 2701 363 2774 deberemus
389 2700 486 2812 oleo,
512 2699 635 2773 iactus
663 2709 721 2774 est
744 2700 889 2772 clamor
911 2721 1073 2797 magnus
1092 2708 1131 2772 et
1148 2721 1234 2768 con-

10 2797 12 2870 ἕ
141 2822 275 2874 cursus
290 2799 476 2874 exercitus
491 2799 610 2872 nostri
629 2823 697 2897 per
715 2822 847 2872 omnes
866 2799 1025 2897 plateas,
1053 2809 1091 2871 et
1109 2821 1234 2870 curre·

139 2902 230 2973 bant
244 2924 377 2974 omnes
394 2901 442 2973 ad
460 2925 566 2973 arma
580 2900 788 2973 clamantes
802 2923 982 2997 magnam
996 2921 1233 2997 paganorum

10 2985 12 3064 ἶ
138 3002 336 3075 malewam
369 3010 498 3074 contra
529 3024 598 3073 nos
627 2999 852 3076 venientem
910 3000 1015 3073 Unde
1047 3021 1116 3071 nos
1147 3022 1234 3070 con·

138 3101 267 3176 testim
302 3101 472 3215 proiecto
510 3111 753 3175 sacrosancto
786 3099 980 3196 crismate,
1023 3098 1233 3214 ceterisque

11 3251 13 3292 3
139 3202 399 3315 sacramentis,
419 3203 463 3274 ad
484 3203 704 3315 clypeorum
721 3202 1008 3316 gladiorumque
1025 3199 1235 3273 ministeria

11 3333 34 3404 ᾗ.
137 3302 386 3416 cucurrimus
413 3312 451 3376 et
473 3302 736 3375 festinavimus
764 3303 802 3375 in
822 3326 997 3399 campum
1017 3300 1233 3373 ordinantes

12 3429 14 3492 ς
137 3403 242 3476 acies
259 3412 410 3475 nostras
431 3412 559 3476 contra
578 3402 815 3493 adversarios
833 3411 996 3496 nostros,
1023 3410 1061 3473 et
1083 3401 1234 3472 stabant

12 3539 14 3590 g
137 3503 334 3577 nobiscum
361 3503 531 3577 seniores
557 3485 831 3587 Vironensium.
885 3501 933 3573 Et
958 3498 1234 3598 appropinqua·

12 3603 15 3662 ἕ
136 3615 273 3678 verunt
286 3605 332 3677 ad
344 3627 416 3676 nos
429 3603 467 3676 in
477 3629 617 3702 magna
631 3601 882 3697 multitudine,
897 3625 992 3698 quos
1007 3601 1233 3697 putabamus

13 3757 14 3764 κ
81 3783 83 3790 Α
135 3705 279 3778 hostes
329 3704 376 3776 Et
400 3715 508 3778 erant
524 3703 837 3800 SackalanenseS,
866 3702 1073 3774 confratres
1101 3699 1234 3796 nostri,

13 3813 15 3860 ἱ
137 3805 201 3902 qui
228 3803 421 3880 redierunt
445 3805 491 3878 ad
517 3828 587 3877 nos
615 3829 700 3877 cum
724 3803 827 3876 omni
852 3804 969 3901 preda
995 3825 1074 3874 sua
1127 3800 1234 3873 Unde

135 3907 338 3980 redeuntes
365 3903 709 3979 consummavimus
736 3902 982 4001 baptismum,
1014 3901 1234 3974 differentes

139 4017 327 4082 ceterust
329 4031 483 4104 empore
511 4030 580 4080 suo
599 4005 856 4104 baptizandos.
901 4003 949 4075 Et
965 4005 1053 4077 data
1071 4010 1130 4076 est
1147 4026 1234 4100 pax,

14 4087 16 4160 ἕ
138 4118 176 4184 et
193 4107 358 4222 acceptis
380 4107 571 4180 obsidibus
590 4107 636 4180 de
654 4107 818 4204 quinque
836 4103 1040 4219 provinciis
1058 4101 1234 4198 Vyronie,

136 4209 278 4284 reversi
303 4232 434 4281 sumus
460 4208 498 4280 in
521 4207 728 4303 Lyvoniam
756 4231 841 4281 cum
860 4204 1019 4304 captivis
1046 4215 1084 4280 et
1102 4200 1234 4300 spoliis
