3016 5016
278 424 327 499 52
422 395 636 494 umnmcr
664 416 943 493 cnromcon
969 407 1221 534 urvonmn.

279 621 489 697 senioribus
521 621 567 693 ad
594 618 754 694 ecclesie
785 619 1043 694 defensionem
1075 617 1210 715 Rigam
1242 642 1382 692 conve·

280 723 397 795 niunt.
451 720 655 795 Audientes
682 719 809 818 itaque
840 719 1001 792 Rutheni
1028 717 1378 793 Theuthonicorum

281 833 319 898 et
343 820 576 918 Lyvonum
566 846 604 894 m
630 820 724 919 Riga
751 817 1026 915 collectionem,
1053 819 1230 893 timentes
1250 819 1380 893 sibiet

281 933 406 997 castro
426 947 509 1020 suo,
537 946 582 996 eo
610 922 709 1018 quod
737 921 836 994 male
861 919 1018 1019 egerint
1047 930 1084 995 et
1101 945 1175 992 non
1195 921 1381 994 audentes

282 1025 319 1096 in
341 1034 463 1097 castro
483 1047 552 1096 suo
579 1021 800 1136 Rigensium
819 1031 1040 1134 exspectare
1060 1022 1273 1112 adventum,
1302 1021 1379 1092 col·

283 1124 390 1198 lectis
415 1126 528 1198 rebus
555 1122 633 1195 suis
658 1133 696 1196 et
713 1122 819 1219 equis
838 1133 876 1196 et
898 1121 1012 1194 armis
1031 1121 1381 1195 Theuthonicorum

283 1225 381 1298 inter
399 1249 440 1298 se
459 1222 599 1321 divisis,
627 1223 831 1296 incendunt
849 1233 1014 1296 castrum
1033 1221 1249 1317 KukenoyS,
1269 1231 1308 1295 et
1323 1221 1381 1293 fu·
1400 1215 1408 1232 '

313 1327 392 1399 unt
417 1323 673 1421 unusquisque
705 1348 772 1422 per
803 1323 902 1396 viam
934 1346 1053 1395 suam
1107 1321 1310 1420 Lethigalli
1342 1332 1383 1395 et

210 1419 213 1428 λ
285 1351 459 1517 gelonos,
478 1448 539 1521 qur
531 1423 608 1496 ibi
627 1423 857 1519 habitabant,
877 1423 1056 1496 silvarum
1070 1425 1272 1497 tenebrosa
1291 1443 1385 1518 que·

287 1536 375 1598 runt
391 1523 557 1597 latibula.
595 1522 672 1597 Rex
692 1533 819 1598 autem
838 1523 1051 1621 sepedictus
1067 1523 1164 1596 sicut
1177 1523 1277 1596 male
1293 1547 1385 1621 ege-

285 1635 357 1720 rat,
376 1624 431 1698 sic
447 1647 580 1698 versus
594 1623 749 1697 Ruciam
764 1648 957 1722 nunquam
975 1623 1175 1722 deinceps
1166 1648 1204 1745 m
1218 1646 1384 1722 regnum

287 1749 398 1798 suum
415 1723 605 1799 rediturus
624 1725 817 1800 abscessit.

187 1924 276 2010 (ΧΠ)
364 1925 473 2000 Hiis
463 1936 589 2023 itaque
603 1925 780 2024 peractiS,
799 1925 1000 2024 episcopus
1015 1948 1113 1998 anno
1129 1924 1386 1999 consecratio·

197 2009 325 2065 ¹²⁰⁸·
271 2050 347 2099 ·ms
366 2051 434 2100 sue
452 2026 528 2098 iam
548 2026 708 2123 decimo,
727 2025 928 2100 ecclesiam
946 2049 1054 2099 suam
1074 2025 1111 2098 in
1125 2026 1293 2122 Lyvonia
1308 2023 1388 2098 Do·

242 2176 245 2180 -
289 2126 393 2200 mino
409 2125 649 2201 committens
669 2136 706 2200 et
723 2126 931 2238 peregrinis
947 2136 985 2200 et
998 2125 1172 2199 omnibus
1187 2126 1315 2200 christ
1290 2125 1392 2199 trani

289 2226 453 2300 nominis
480 2227 518 2299 in
538 2226 705 2323 hyronia
730 2225 1050 2324 habitantibus,
1041 2252 1078 2298 m
1105 2226 1386 2300 Theuthoniam

289 2351 385 2441 pro
386 2326 543 2402 diversis
569 2325 729 2402 ecclesie
755 2327 924 2441 negociis
950 2327 1063 2423 vadit,
1090 2337 1168 2399 tum
1188 2350 1255 2426 pro
1275 2351 1386 2424 pere·

288 2427 419 2527 grinis,
437 2437 520 2502 tum
539 2453 605 2527 pro
625 2429 750 2524 rebus,
785 2428 919 2525 quibus
946 2427 1108 2502 ecclesia
1133 2451 1231 2500 nova
1259 2427 1386 2500 adhuc

288 2539 327 2603 et
344 2528 473 2602 multis
490 2527 662 2627 indigens
681 2529 889 2622 adiuvetur,
916 2527 1148 2641 colligendis.
1193 2527 1296 2600 Et
1265 2551 1388 2601 circu·

289 2631 411 2703 eundo
431 2641 469 2704 et
486 2629 713 2729 predicando
728 2654 796 2728 per
814 2629 899 2703 loca
911 2628 1074 2727 plurima
1092 2627 1232 2700 multos
1248 2628 1384 2703 suffert

288 2730 449 2804 labores.
503 2729 575 2818 Qui
603 2739 730 2803 autem
756 2730 793 2801 in
813 2728 908 2827 Riga
936 2739 1207 2825 remanserant,
1234 2729 1386 2801 confor-

288 2841 411 2903 tantes
439 2853 481 2902 se
499 2829 536 2900 in
562 2829 722 2903 invicem
750 2841 788 2903 et
813 2829 969 2903 viriliter
995 2840 1164 2941 agentes,
1191 2828 1384 2903 civitatem

289 2930 452 3025 undique
470 2928 672 3002 firmabant
656 2937 681 3002 t.
734 2929 782 3000 Et
800 2928 994 3003 audientes
1014 2929 1248 3003 exustionem
1269 2929 1385 3003 castri

288 3029 491 3125 Kukenoys
519 3039 555 3102 et
574 3027 704 3128 fugam
723 3029 995 3126 Ruthenorum,
1022 3029 1175 3103 mittunt
1197 3031 1386 3127 quosdam

290 3131 336 3204 ad
364 3131 668 3228 persequendum
691 3129 788 3203 illos.
842 3129 944 3204 lnter
970 3154 1064 3228 quos
1091 3130 1317 3226 Meynardus
1345 3139 1387 3204 et

295 3229 446 3328 quidam
465 3230 530 3302 alii
549 3255 594 3304 ex
613 3230 732 3304 servis
745 3229 926 3328 episcopi,
945 3230 1187 3328 insequentes
1202 3231 1387 3344 fugitivos

290 3341 328 3405 et
346 3331 473 3428 plures
493 3355 539 3404 ex
557 3330 649 3429 ipsis
674 3355 741 3430 per
765 3330 879 3404 silvas
905 3340 943 3406 et
960 3331 1118 3446 paludes
1136 3331 1385 3428 invenienteS,

289 3430 496 3545 Letigallos
509 3426 685 3505 videlicet
703 3440 740 3506 et
753 3429 925 3546 SeloneS,
945 3432 1008 3529 qui
1027 3431 1128 3530 regis
1144 3442 1252 3506 erant
1269 3431 1385 3505 tribu·

289 3531 387 3627 tarii,
415 3531 476 3628 qui
495 3531 635 3605 conscii
662 3541 770 3606 erant
787 3532 888 3630 regis
913 3543 950 3606 et
968 3543 1235 3631 cooperatores
1254 3531 1292 3604 in
1309 3543 1388 3605 tra·

291 3631 431 3706 ditione
450 3642 489 3706 et
501 3630 792 3708 mortificatione
805 3633 1161 3728 Theuthonicorum,
1181 3632 1387 3706 nonnullos

291 3733 412 3807 eciam
426 3732 686 3807 Rutenorum
693 3731 895 3832 rapienteS,
922 3734 1090 3809 tulerunt
1107 3733 1229 3831 spolia
1253 3757 1385 3808 eorum

291 3843 330 3908 ct
360 3834 620 3929 substantiam,
655 3844 692 3907 et
719 3859 823 3908 arma
851 3835 1013 3931 quedam
1039 3833 1384 3909 Theuthonicorum

290 3941 526 4048 receperunt.
574 3933 619 4006 Et
639 3957 733 4031 qtros
748 3934 971 4008 invenerunt
988 3959 1085 4030 reos,
1113 3959 1158 4010 co
1179 3937 1277 4033 quod
1297 3959 1386 4008 con·

291 4033 358 4107 scii
388 4031 599 4107 traditionis
630 4038 790 4133 fuerant,
817 4058 950 4109 omnes
975 4035 1115 4109 crudeli
1143 4047 1263 4110 morte
1287 4035 1389 4110 sicut
