3084 5018
299 459 511 535 HElNRlCl
539 453 817 534 CHRONICON
843 461 1096 536 urvotvlau.
1167 463 1239 538 213

11 683 12 686 ’
146 664 351 760 Carethen,
391 663 525 760 quibus
565 663 648 762 ipse
678 665 835 737 verbum
871 662 940 737 Dei
978 689 1065 737 oum
1102 658 1257 762 gaudio

11 797 13 828 =
145 764 318 862 predixit,
347 763 457 840 iidem
486 764 704 838 instruendo
723 763 949 837 catholicam
973 764 1011 837 in
1030 789 1240 862 manusque

11 901 13 970 3
146 865 285 939 summi
312 865 501 964 pontilicis
526 888 593 938 eos
621 863 847 962 colligendo,
880 865 1065 963 processit
1094 867 1141 938 ad
1168 867 1242 965 pri·

10 1017 12 1062 3
146 990 251 1039 mum
279 976 444 1040 castrum
464 965 644 1062 Wironie,
670 966 769 1061 quod
797 966 980 1064 Agelinde
1008 977 1175 1063 vocatur,
1202 977 1241 1042 et

10 1133 12 1144 .
145 1066 195 1138 ibi
221 1067 403 1140 letissime
430 1077 467 1141 et
494 1066 702 1165 glorianter
726 1076 905 1165 exceptus
930 1089 1081 1140 omnem
1106 1091 1238 1141 eorum

11 1261 12 1264 Ἴ
147 1167 427 1242 multitudinem
454 1166 693 1262 convocavit,
726 1177 764 1240 et
790 1167 934 1240 monita
960 1168 1139 1241 salutaria
1164 1169 1240 1242 vite

10 1319 12 1326 ψ
146 1279 276 1342 eterne
293 1271 469 1367 piebem,
495 1293 633 1342 nomen
657 1267 804 1366 aperuit
822 1267 876 1341 eis
896 1267 980 1342 lesu
1000 1268 1149 1341 Christi.
1194 1269 1242 1341 Et

10 1379 12 1466 ξ
144 1369 231 1442 inde
253 1369 458 1468 Tarwanpe
476 1369 685 1482 procedens
704 1368 840 1441 similia
858 1368 1030 1443 faciebat.
1067 1369 1114 1442 Et
1132 1395 1241 1443 vene·
1343 1411 1348 1420 ·

9 1489 10 1536 t
144 1480 234 1542 runt
251 1469 299 1542 ibi
327 1468 436 1567 Dani,
453 1480 553 1542 sicut
570 1468 692 1543 vocati
712 1471 871 1543 fuerant.
908 1470 955 1542 Et
971 1471 1071 1542 facta
1090 1480 1239 1569 est-pax

9 1567 11 1596 l
144 1570 242 1644 inter
271 1569 551 1644 Theuthonicos
581 1569 704 1668 primo
736 1580 775 1643 et
804 1570 949 1668 Danos,
989 1570 1123 1645 deinde
1153 1595 1240 1644 cum

9 1697 12 1784 ᾗ
146 1670 348 1744 Estonibus
374 1673 419 1746 de
447 1671 590 1745 cunctis
616 1670 830 1769 provinciis.
879 1671 926 1743 Et
949 1681 1036 1770 post
1060 1672 1133 1745 hoo
1157 1696 1242 1771 pro·

144 1771 267 1845 fectus
287 1783 345 1847 est
362 1773 511 1870 legatus
530 1773 628 1845 idem
647 1771 685 1843 in
709 1771 941 1868 provinciam
959 1771 1152 1871 Tabellini,
1179 1773 1242 1846 ubi

9 1867 14 1954 ἶ,
146 1873 315 1947 seniores
342 1897 473 1946 omnes
499 1871 666 1945 Wironie
693 1882 950 1945 convenerunt
976 1874 1023 1945 ad
1050 1897 1151 1968 eum,
1179 1898 1242 1946 au·

74 2052 79 2059 ,
145 1972 290 2048 dientes
318 1976 363 2046 ab
393 1999 437 2048 eo
464 1972 673 2046 doctrinam
702 1982 739 2045 et
765 1969 879 2046 fidem
907 1972 1170 2068 christianam,
1202 1984 1241 2047 et

8 2087 9 2154 ἐ
144 2074 288 2172 recepit
315 2099 380 2149 eos
403 2099 534 2148 omnes
562 2075 607 2147 ad
636 2097 791 2146 manum
817 2074 955 2146 summi
974 2073 1176 2173 pontificis,
1204 2085 1243 2148 et

8 2209 10 2278 ὲ
144 2175 277 2248 statuit
294 2201 340 2250 ex
359 2177 413 2249 eis
432 2173 599 2250 seniores
619 2185 656 2248 et
683 2174 825 2247 iudices
844 2173 882 2247 in
901 2173 1074 2248 omnibus
1093 2174 1242 2274 provin-

145 2276 212 2349 ciis
232 2275 323 2372 suis,
351 2287 389 2351 et
406 2288 495 2350 tunc
514 2275 623 2350 rediit
640 2275 677 2347 in
701 2275 945 2373 Tharwanpe.
982 2276 1029 2348 Et
1047 2275 1133 2350 inde
1152 2275 1241 2350 abiit

7 2455 8 2458 ,
145 2378 190 2450 ad
222 2387 388 2452 castrum
418 2376 612 2450 Danorum
640 2377 677 2448 in
706 2376 867 2473 Revelis,
900 2387 938 2450 et
964 2376 1084 2451 eciam
1110 2376 1159 2449 ibi
1184 2401 1241 2451 re·

7 2553 8 2556 ,
144 2487 277 2577 ceptus
306 2488 364 2552 est
389 2503 411 2550 a
440 2477 554 2550 [lanis
581 2486 619 2550 et
645 2475 778 2551 Suecis
802 2488 839 2551 et
857 2501 879 2550 a
898 2477 1042 2550 cunctis
1061 2477 1111 2550 ibi
1138 2477 1240 2551 habi-

7 2607 8 2612 ’
143 2579 309 2652 tantibus
327 2579 365 2651 in
383 2578 515 2652 letitia.
556 2577 603 2650 Et
621 2587 708 2676 post
733 2578 804 2651 hoc
830 2601 969 2676 pueros
997 2578 1147 2652 obsides
1165 2579 1240 2650 Wi-

7 2689 8 2692 ’
96 2757 103 2770 ,
143 2681 250 2754 ronie
269 2679 369 2778 cepit
387 2682 432 2752 ab
452 2679 506 2754 eis
525 2679 729 2776 requirere,
749 2689 787 2752 et
804 2679 983 2753 nolebant
1001 2703 1067 2753 eos
1082 2678 1239 2754 reddere

7 2805 30 2848 μ
143 2780 182 2853 in
200 2805 335 2856 manus
360 2773 489 2878 ipsids,
516 2781 582 2857 sed
610 2804 771 2853 censura
794 2779 1052 2853 ecclesiastica
1075 2780 1238 2879 perculsi

7 2915 8 2918 ¹
144 2882 298 2956 tandem
313 2904 379 2955 eos
393 2882 592 2955 restituere
607 2882 850 2978 cogebantur,
870 2891 907 2955 et
924 2880 1070 2955 remisit
1083 2881 1237 2954 eosdem

8 3069 9 3074 η
145 2983 294 3057 obsides
319 2982 536 3080 parentibus
561 2981 701 3054 suisio
728 2980 948 3055 Wironiam.
1001 2983 1240 3079 Receperunt

7 3095 10 3138 ἲ
143 3083 257 3156 etiam
276 3084 543 3157 Warbolenses
560 3107 695 3180 pacem
722 3082 850 3154 domni
869 3083 985 3182 legati
1004 3083 1175 3178 Romani,
1201 3091 1239 3156 et

7 3217 9 3224 ·
143 3194 327 3258 venerunt
343 3185 388 3257 ad
410 3208 496 3258 eum
515 3183 551 3255 in
566 3183 746 3257 Revelim.
783 3182 858 3258 Sed
877 3186 923 3257 ad
942 3185 1146 3259 instantem
1166 3183 1239 3256 [la-

7 3369 9 3422 3
145 3385 280 3459 ceteris

7 3285 13 3344 s'
143 3309 279 3358 norum
331 3284 527 3358 etitionem
552 3283 711 3356 reddidit
738 3307 804 3357 eos
831 3283 949 3358 [lanis
981 3286 1123 3358 eisdem
1150 3291 1236 3356 cum

302 3311 611 3458 harionensibus.
656 3383 764 3456 lllam
781 3407 872 3456 vero
891 3383 1138 3482 kiligundam,
1163 3408 1237 3480 que

7 3511 9 3514 ·
144 3485 331 3558 Maritima
349 3496 516 3580 vocatur,
544 3483 630 3558 cum
658 3483 732 3557 alia
749 3493 830 3555 tota
847 3484 1035 3557 lllaritima
1062 3496 1099 3559 et
1116 3483 1237 3556 Wiro-

143 3587 207 3659 nia
237 3596 275 3659 et
301 3585 435 3660 Gerwa
461 3587 498 3659 in
529 3583 666 3658 summi
692 3583 878 3683 pontilicis
905 3585 1064 3657 Romani
1091 3585 1237 3682 accepit

7 3731 8 3740 κ
143 3697 383 3786 potestatem.
431 3685 659 3800 Congregati
686 3694 775 3758 sunt
796 3685 916 3760 eciam
941 3685 1103 3760 Estones
1121 3685 1237 3759 Reve-

142 3788 269 3862 lenses
288 3813 414 3861 coram
433 3813 491 3881 eo,
519 3786 631 3860 simul
650 3809 735 3860 cum
753 3784 882 3883 Danis,
908 3787 1043 3884 quibus
1066 3787 1148 3885 ipse
1176 3786 1238 3858 de·

143 3899 229 3962 vote
259 3890 371 3962 verba
405 3887 536 3962 salutis
568 3899 696 3962 eterne
726 3887 970 3980 ministravit,
1011 3897 1049 3961 et
1075 3886 1236 3960 fideliter
1298 3967 1301 3972 ,

145 3989 349 4086 admonuit,
370 3999 410 4061 ut
427 3989 588 4086 benigne
606 3987 866 4062 cohabitantes
885 3988 1115 4063 infidelitatis
1135 3987 1236 4060 dein·

144 4113 233 4188 ceps
260 4089 418 4162 consilia
442 4090 660 4180 devitarent.
710 4089 890 4163 Perfectis
914 4113 1004 4163 vero
1032 4088 1090 4162 his
1118 4088 1236 4160 omni-

144 4192 225 4288 bus,
244 4191 461 4264 sacerdotes
479 4214 569 4264 suos
588 4190 626 4262 in
639 4189 865 4266 Maritimam
885 4190 998 4289 misit,
1016 4202 1054 4264 et
1071 4190 1235 4292 ipseper
