3016 5016
271 454 483 527 HElNRlCl
510 454 788 529 CHRONICON
815 448 1067 529 LYVONIAE.
1170 461 1213 530 17

115 653 349 754 peregrinis,
390 654 452 751 qui
484 680 551 752 per
581 681 719 730 annum
752 655 857 727 illum
890 655 927 728 in
952 655 1117 752 Lyvonia
1144 657 1212 726 sub

58 805 63 810 -
116 779 230 828 cruce
250 779 319 828 sua
337 755 417 828 Deo
437 756 701 853 militaverant,
720 755 757 828 in
776 756 1053 830 Theuthoniam
1071 753 1213 851 abiens⁷

116 856 305 952 quendam
330 854 542 951 Lyvonem,
575 858 794 954 Cauponem
822 857 984 953 nomine,
1016 856 1079 954 qui
1106 855 1213 953 quasi

10 1029 11 1034 ,
114 981 183 1030 rex
203 966 240 1029 et
258 955 385 1053 senior
402 956 610 1055 hymnum,
630 958 675 1030 de
693 957 888 1053 Thoreyda
907 981 1037 1030 secum
1053 956 1214 1030 assumit

9 1061 11 1110 ³
115 1067 175 1153 et,
207 1079 344 1154 magna
372 1066 479 1154 parte
512 1057 748 1132 Theuthonie
780 1058 1027 1154 perlustrata,
1058 1045 1211 1130 tandem

9 1221 10 1226 ,
114 1182 203 1230 eum
236 1156 396 1229 Romam
428 1156 531 1230 duxit
562 1169 599 1232 et
630 1157 840 1256 apostolico
875 1158 1035 1231 exhibet.
1089 1155 1271 1248 Quemtb.)

10 1273 11 1278 ’
114 1257 346 1354 apostolicus
365 1256 635 1356 benignissime
649 1258 835 1356 recipiens
855 1258 1095 1332 deosculatur
1110 1267 1147 1331 et
1166 1257 1211 1332 de

8 1427 9 1432 ,
113 1357 420 1456 statu.gentium
449 1358 548 1431 circa
581 1359 788 1455 Lyvoniam
814 1357 1060 1432 existencium
1093 1358 1211 1432 multa

7 1527 9 1538 2
111 1457 350 1556 perquirenS,
384 1483 450 1556 pro
480 1459 726 1533 conversione
757 1458 881 1556 gentis
912 1457 1097 1554 Lyvonice
1129 1457 1208 1531 Deo

111 1559 318 1657 plurimum
337 1559 631 1656 congratulatur.
669 1560 883 1632 Transactis
899 1559 1029 1633 diebus
1044 1557 1210 1654 aliquan-

110 1659 176 1755 tis,
195 1660 294 1733 idem
311 1659 536 1734 venerahilis
556 1685 653 1759 papa
668 1659 913 1734 innocencius
933 1659 1100 1759 predicto
1116 1657 1211 1731 Cau-

6 1765 8 1818 ῖ
111 1758 205 1860 poni
236 1760 333 1832 dona
366 1784 453 1856 sua,
484 1759 657 1834 videlicet
688 1770 839 1834 centum
867 1783 1023 1856 aureoS,
1049 1759 1211 1857 porrigit

6 1927 7 1932 ,
111 1870 152 1934 et
183 1860 220 1931 in
250 1858 527 1934 Theuthoniam
559 1860 680 1934 redire
708 1860 845 1934 volenti
876 1884 1015 1958 magno
1042 1859 1209 1932 caritatis

5 1967 8 2042 ἶ
110 1959 254 2034 affectu
281 1960 494 2035 valedicens
528 1960 713 2036 benedicit
740 1973 778 2034 et
809 1958 1082 2034 bibliotecam⁶⁹
1110 1959 1209 2032 beati
1316 2034 1319 2042 ,

5 2069 16 2136 J·
110 2059 288 2158 Gregorii
315 2086 412 2159 pape
436 2086 551 2133 manu
576 2061 756 2160 scriptam
775 2062 955 2161 episcopo
981 2059 1216 2162 Lyvoniensi'

7 2159 19 2176 “
109 2187 181 2260 per
197 2161 352 2236 fratrem
370 2162 642 2236 Theodericum
661 2161 786 2235 mittit.

188 2259 327 2335 Eadem
348 2273 468 2336 estate
486 2288 552 2336 rex
570 2264 616 2337 de
631 2255 792 2336 Ploceke
806 2288 893 2335 cum
907 2261 1073 2337 exercitu
1087 2260 1265 2357 Lync-(7.)

4 2359 6 2436 r
108 2361 212 2434 niam
242 2387 287 2436 ex
312 2363 516 2460 improviso
541 2362 707 2460 intrans,
734 2375 901 2436 castrum
927 2362 1111 2436 Ykescole
1138 2361 1206 2434 im-

107 2472 266 2562 pugnat.
312 2463 382 2536 Cui
405 2464 590 2560 Lyvones,
617 2473 811 2561 tamquam
836 2463 1205 2555 hominesinermeS‚

3 2603 5 2640 ε
107 2588 324 2661 repugnare
342 2589 417 2636 non
437 2565 617 2637 audentes
639 2564 873 2661 promittunt,
892 2588 933 2637 se
952 2563 985 2637 ei
1006 2562 1204 2661 pecuniam

3 2657 5 2746 Ξ
110 2665 286 2760 daturos,
314 2689 428 2762 quam
454 2686 519 2739 rex
547 2674 748 2764 acceptans
776 2674 901 2738 cessat
925 2665 969 2736 ab
998 2662 1203 2737 obsidione.

3 2783 5 2860 ζ
107 2765 226 2836 Porro
240 2763 487 2850 Thouthouici
503 2766 668 2862 quidam,
682 2764 831 2839 interim
846 2764 951 2837 missi
966 2767 1011 2836 ab
1027 2763 1203 2862 episcopo

3 2867 5 2964 ζ
108 2889 197 2937 cum
215 2864 359 2938 balistis
379 2877 416 2939 et
440 2867 568 2960 armiS,
597 2875 762 2938 castrum
788 2866 924 2939 Holme
949 2876 1205 2964 preoccupant

3 3079 18 3160 ζ.
106 3065 231 3162 lente,
264 3090 382 3163 equos
409 3091 522 3164 quam
549 3066 677 3164 plures
709 3067 907 3140 vulnerant
933 3078 970 3140 et

3 2965 6 3056 ἓ
107 2974 160 3060 et,
185 2978 276 3063 re'ge
302 2965 474 3040 veniente
499 2977 536 3039 et
559 2965 683 3064 ipsum
709 2975 874 3039 castrum
899 2991 994 3065 expo
1026 2990 1116 3038 nare
1140 2990 1203 3038 vo·

996 2993 1203 3160 Tuthenos7

3 3177 5 3244 ἓ
107 3165 1047 3266 proptersagittasDonamtransirencnaudenteS,
1058 3167 1202 3264 fugant.

3 3265 8 3348 '‚
106 3265 187 3340 Rex
202 3277 329 3342 autem
343 3268 388 3342 de
402 3265 602 3341 Gercihe⁷⁰
620 3292 705 3340 cum
719 3267 950 3342 Lethonibus
966 3268 1098 3366 Rigam
1118 3292 1201 3364 pro·
1212 3257 1262 3356 (St

3 3369 6 3458 ξ
107 3367 258 3463 cedens7
285 3367 322 3440 in
352 3367 501 3466 pascuis
520 3393 659 3466 pecora
678 3368 815 3454 civium
834 3369 943 3467 rapit,
967 3369 1060 3442 duos
1080 3392 1203 3440 sacer·

3 3461 4 3466 ’
107 3469 229 3564 dotes,
248 3467 454 3543 iohannem
473 3469 518 3542 de
532 3468 710 3541 Vechte⁷1
731 3479 768 3542 et
780 3470 1033 3542 Volchardum
1051 3470 1096 3542 de
1111 3468 1203 3540 Har·

106 3569 348 3666 penstede⁷²,
387 3568 489 3660 iuxta
523 3567 689 3641 Montem
716 3569 919 3666 Antiquum
952 3569 1086 3641 silvam
1117 3593 1202 3640 cum

96 3669 318 3766 peregrinis
337 3667 605 3765 succidentem,
632 3668 733 3766 capit
756 3679 794 3744 et
816 3668 1090 3766 Theodericum
1113 3667 1203 3740 Bru-

3 3771 5 3866 }
107 3769 269 3867 degame
295 3794 381 3842 cum
400 3769 540 3843 civibus
556 3795 643 3843 cum
662 3769 921 3867 insequentem
941 3767 1088 3842 occidit.

107 3975 153 4046 69)
174 3977 191 4030 i.
211 3994 234 4031 e.
254 3978 412 4051 scripturam
432 3995 544 4032 sacram.
618 3977 663 4043 70)
683 3979 874 4040 Wiscewaldc,
894 3979 967 4050 quod
987 3978 1089 4031 russice
1105 3994 1203 4031 sonare

3 4049 5 4086 ἱ
107 4051 189 4104 debet
207 4050 373 4110 Wsowolud.
411 4049 479 4106 Erat
505 4049 623 4106 Gercihe
648 4061 763 4106 castrum
789 4051 940 4105 Russorom
967 4053 1000 4106 ad
1019 4050 1127 4104 Donum
1147 4051 1204 4103 ou-

106 4124 190 4187 rium,
210 4140 225 4176 a
245 4123 433 4178 Kohcnhuscn
452 4126 486 4178 ad
506 4125 648 4178 orientem.
747 4124 793 4193 71)
813 4123 916 4180 Vechta
935 4125 963 4179 in
984 4122 1203 4194 Oidcnburgcusi

3 4171 5 4230 i
108 4196 215 4252 ducatu.
291 4197 336 4269 72]
356 4196 505 4269 Harpstedt
524 4199 595 4252 inter
614 4197 717 4252 Vcchta
737 4207 764 4253 ct
782 4196 911 4254 Bremen.
