3104 5012
342 500 414 572 112
484 493 697 568 HEINRlCl
725 492 1003 569 CHRONICON
1029 492 1281 568 LYVONIAE.
1328 434 1332 442 Ι
1521 299 1533 630 l

340 695 425 769 aliis
444 693 631 794 gentibus,
658 694 884 791 nescientes,
902 705 1096 808 tamquam
1115 717 1247 767 servus
1266 719 1438 792 ewange-

339 795 484 893 licus⁶⁸
512 793 684 870 conservi
710 794 787 867 sui
796 794 980 890 misereri,
1012 793 1231 894 populum
1221 818 1437 868 mnumera-

339 895 454 969 bilem
480 895 760 991 interfecerunt,
787 905 827 969 et
851 894 1054 969 nonnullos
1081 920 1128 969 ex
1152 893 1372 968 mulieribus
1399 904 1438 967 et

338 995 508 1094 parvulis
534 993 785 1092 trucidantes,
843 1019 885 1068 er
911 1019 1067 1094 campos
1093 1005 1131 1068 et
1155 995 1264 1067 villas
1294 993 1435 1068 nemini
1515 1073 1517 1076 ,

338 1120 496 1194 parcere
529 1095 739 1169 voluerunt.
826 1104 841 1166 t
866 1118 998 1168 omnes
1025 1095 1105 1168 vias
1132 1104 1170 1168 et
1197 1094 1324 1167 omnia
1350 1094 1436 1168 loca
1529 1118 1533 1208 p

339 1196 524 1294 sanguine
556 1219 793 1307 paganorum
824 1195 1058 1308 colorantes,
1097 1195 1317 1308 persequuti
1348 1204 1437 1266 sunt
1528 1211 1533 1290 ij

339 1320 406 1370 eos
437 1298 483 1369 ad
515 1318 647 1368 omnes
675 1293 904 1394 provincias
932 1295 1032 1368 circa
1062 1296 1159 1367 latus
1187 1295 1303 1368 maris
1330 1294 1435 1392 sitas
1486 1385 1491 1389 .

339 1395 638 1493 qumodotelewic
661 1405 700 1468 et
733 1395 881 1466 Rotalia
910 1405 1104 1469 vocantur.
1157 1394 1256 1469 Letti
1287 1416 1437 1491 quoque

340 1520 425 1570 cunr
450 1495 551 1590 aliis,
583 1506 852 1592 persequentes
879 1495 1063 1591 quosdam
1090 1521 1137 1569 ex
1161 1495 1216 1568 eis
1242 1495 1281 1566 in
1312 1493 1436 1592 glacie
1532 1529 1533 1564 1

341 1595 456 1670 maris
474 1594 675 1694 fugienteS,
702 1604 740 1668 et
765 1596 1060 1692 comprehensos
1088 1594 1216 1667 statim
1239 1595 1437 1669 interiece-

338 1707 438 1792 runt
467 1706 505 1768 et
531 1718 592 1767 res
611 1717 744 1767 omnes
764 1704 802 1766 et
819 1695 1068 1768 substantiam
1086 1695 1263 1768 tulerunt
1314 1693 1361 1766 Et
1379 1719 1436 1768 ra
1520 1771 1533 1776 „

337 1806 501 1908 puerunt
518 1794 585 1867 filii
598 1793 807 1867 Thalibaldi
821 1794 893 1868 tria
907 1794 1096 1891 Lyvonica
1114 1796 1256 1868 talenta
1275 1795 1436 1892 argenti
1531 1845 1533 1850 -

338 1895 504 2010 θιιοερῐιε
525 1894 690 1968 vestibus
710 1905 749 1968 et
765 1894 871 1992 equis
890 1905 929 1969 et
946 1895 1077 1992 spoliis
1097 1895 1238 1990 multis,
1265 1919 1339 2008 que
1357 1919 1437 1967 om-

337 1995 400 2070 nia
425 1993 666 2068 retulerunt
657 2019 694 2066 rn
712 1992 882 2068 Beverin.
926 1993 1108 2068 Similiter
1133 2006 1171 2068 et
1189 1994 1312 2068 omnis
1331 2019 1436 2069 exer·

339 2097 435 2209 citus
462 2096 584 2193 primo
605 2093 664 2167 die
688 2103 726 2169 et
743 2095 908 2168 secundo
928 2105 967 2168 et
983 2095 1100 2169 tercio
1120 2095 1309 2194 fugientes
1328 2095 1436 2169 Esto.

338 2219 406 2269 nes
424 2194 462 2266 in
481 2195 655 2267 omnibus
674 2193 796 2266 locis
785 2197 974 2292 insequuti
994 2206 1093 2292 sunt
1112 2206 1150 2269 et
1167 2197 1437 2269 interfecerunt

337 2296 411 2368 hac
436 2305 473 2368 et
499 2294 599 2391 illac,
626 2294 746 2367 donec
771 2295 862 2368 fessi
890 2296 1095 2370 delicerent
1119 2305 1198 2368 tam
1224 2295 1296 2394 ipsi
1322 2320 1436 2392 quarn

338 2395 425 2493 equi
453 2419 595 2468 eorum.
641 2394 744 2467 Tunc
769 2395 922 2468 tandem
948 2407 1081 2492 quarto
1101 2396 1160 2469 die
1180 2405 1437 2468 convenerunt

337 2496 451 2570 simul
470 2518 602 2568 omnes
627 2495 665 2567 in
684 2519 798 2567 unum
823 2495 950 2568 locum
968 2519 1055 2568 cum
1074 2495 1176 2568 omni
1199 2495 1333 2594 rapina
1352 2519 1433 2591 sua,
1532 2493 1533 2562 3

339 2608 377 2671 et
397 2596 668 2694 compellentes
687 2618 804 2692 equos
824 2606 862 2668 et
879 2619 1018 2692 pecora
1036 2597 1169 2692 multa,
1197 2607 1235 2670 et
1253 2595 1432 2669 mulieres

339 2707 377 2770 et
407 2697 585 2795 parvulos
618 2706 662 2768 et·
691 2695 840 2792 puellas
872 2697 1052 2769 ducentes
1084 2692 1214 2770 secum
1245 2706 1283 2769 et
1313 2695 1434 2794 spolia

338 2797 470 2890 multa,
489 2819 575 2868 cum
593 2795 729 2893 gaudio
746 2819 885 2892 magno
904 2796 1046 2869 reversi
1061 2807 1149 2868 sunt
1162 2796 1199 2868 in
1213 2795 1433 2892 Lyvoniam,

338 2895 602 2970 benedicentes
622 2894 824 2967 Dominum
842 2919 910 2994 pro
929 2895 1091 2970 vindicta
1109 2896 1208 2969 facta
1223 2895 1261 2968 in
1275 2895 1434 2968 nationi·

338 2998 420 3068 bus.
466 2994 514 3064 Et
538 2995 694 3066 confuse
713 3004 800 3066 sunt
817 3005 965 3092 gentes,
992 3006 1030 3069 et
1047 2997 1217 3070 fecerunt
1242 2996 1434 3094 ploratum

341 3106 378 3170 et
396 3094 582 3166 ululatum
601 3118 794 3191 magnum.
830 3094 987 3167 Estonia
1000 3121 1150 3193 quoque
1165 3096 1327 3208 plorans·
1333 3095 1433 3168 filios

338 3217 442 3308 suos,
470 3193 659 3266 consolari
684 3218 759 3266 non
782 3193 916 3292 potuit,
944 3195 1032 3292 quia
1058 3207 1097 3270 et
1114 3195 1175 3268 hic
1186 3195 1328 3294 perditi
1346 3205 1436 3267 sunt

338 3306 377 3370 et
394 3295 432 3367 in
450 3295 577 3367 futura
594 3291 705 3366 vita⁶⁹
707 3304 779 3390 et
797 3294 960 3368 maxime
978 3320 1045 3392 pre
1063 3295 1188 3397 multit
1190 3295 1301 3369 udiue
1320 3295 1433 3368 inter·

337 3399 538 3490 rectorum,
557 3418 716 3506 quorum
736 3418 811 3467 non
830 3405 912 3468 erat
930 3419 1120 3469 numerus.

277 3508 327 3594 (6)
413 3495 502 3568 Post
520 3494 618 3567 hec
609 3519 646 3566 ιιι
664 3495 954 3593 quadragesima
980 3496 1122 3569 factum
1142 3506 1200 3570 est
1216 3495 1434 3568 incendium

338 3620 518 3694 magnum
532 3595 568 3665 in
585 3593 733 3667 civitate
745 3593 860 3692 Riga
849 3604 1080 3708 gntempeste
1090 3596 1210 3669 noctis
1225 3582 1433 3692 silencioffl',

338 3706 376 3770 et
394 3697 548 3769 ardebat
566 3694 687 3806 prima
711 3717 800 3792 pars
825 3693 999 3790 civitatiS,
1026 3695 1146 3792 primo
1166 3695 1340 3769 videlicet
1358 3694 1434 3770 edi·

337 3795 426 3869 ficat
411 3807 449 3868 ta
469 3806 506 3869 et
523 3795 645 3894 primo
661 3793 918 3890 murocincto,
937 3797 983 3868 ab
1002 3795 1165 3870 ecclesia
1178 3798 1287 3868 beate
1301 3795 1433 3890 Mario,

339 3921 410 3992 que
429 3897 612 3969 conbusta
627 3903 685 3967 est
699 3918 784 3967 cum
800 3895 994 3992 campanis
1009 3895 1225 3987 maioribus
1246 3919 1367 3992 usque
1386 3895 1433 3968 ad

339 3998 494 4068 domurn
526 3993 692 4093 episcopi
718 4019 804 4068 cum
831 3995 1004 4071 domibus
1029 3995 1287 4069 adiacentibus
1313 4019 1433 4093 usque

339 4147 383 4220 58)
410 4147 451 4203 Cl.
475 4147 526 4202 Er
552 4147 851 4221 Marth.18‚23sqq.
999 4148 1044 4222 59)
1071 4146 1113 4205 (ll.
1138 4147 1189 4204 Ev.
1214 4147 1314 4205 ΜιιίιΙι.ι
1335 4149 1362 4212 2,
1387 4146 1433 4204 18.

339 4221 428 4292 6053.
448 4221 516 4290 Reg.
536 4219 562 4283 3,
584 4221 628 4274 20
1138 4247 1146 4254 -
