3084 5018
321 500 533 575 HElNRlCl
561 499 840 574 CHRONICON
866 500 1117 575 LYVONIAE.
1192 503 1260 576 153

164 701 207 774 in
224 711 367 776 terram
384 701 592 796 Lettorum,
612 712 649 774 et
667 702 974 800 despoliaverunt
990 703 1098 775 villas
1118 725 1262 795 eorum,

144 811 208 890 wet
232 801 412 876 sederunt
435 799 473 874 in
500 801 635 874 finibus
654 801 805 876 Meluke
824 812 863 876 et
878 802 1128 900 Warigribbe,
1155 803 1264 882 deva·

163 912 313 976 stantes
339 900 478 998 omnia,
505 927 578 999 qne
604 903 803 998 habebant,
832 912 870 976 et
887 903 1077 976 frumenta
1095 925 1264 976 creman-

165 1013 238 1099 tes,
258 1001 373 1074 nichil
392 1027 523 1076 eorum
539 1003 737 1098 malorum,
765 1027 838 1099 que
855 1004 981 1077 facere
996 1013 1181 1101 poterant,
1201 1003 1264 1074 ob·

163 1102 363 1176 miserunt.
411 1102 457 1174 Et
483 1102 585 1176 misit
611 1102 794 1201 magister
818 1095 956 1176 inilicie
974 1103 1012 1175 in
1029 1104 1198 1177 Wenden
1217 1103 1263 1176 ad

164 1201 296 1276 Lettos
315 1225 460 1298 omnes,
481 1213 522 1275 ut
533 1201 706 1277 venirent
722 1204 768 1276 ad
787 1204 1052 1302 expellendum
1069 1204 1264 1276 Ruthenos
1322 1295 1328 1306 ¹

165 1303 213 1376 de
227 1312 339 1376 terra.
376 1301 451 1376 Sed
463 1303 692 1378 'abeuntibus
707 1303 901 1399 Ruthenis⁷
919 1304 1042 1377 visum
1061 1315 1120 1378 est
1132 1302 1262 1397 tetris,

163 1403 214 1476 de
241 1403 505 1501 persecutione
532 1403 791 1477 Ruthenorum
823 1404 1013 1488 modicum
1045 1427 1086 1478 se
1114 1405 1263 1477 lucrum

164 1513 373 1601 reportare,
394 1512 432 1577 et
445 1515 713 1578 converterunt
725 1505 930 1578 exercitum
944 1527 1053 1577 suurn
1069 1505 1107 1576 in
1122 1503 1262 1578 Sacka-
1273 1521 1325 1606 (6.)

164 1603 256 1698 lam⁷
285 1613 322 1677 et
347 1603 575 1702 accipientes
599 1628 729 1679 secum
755 1604 1056 1679 Sackalanenses
1082 1606 1264 1678 transive-

164 1715 254 1776 runt
280 1703 420 1796 Palam,
448 1714 486 1778 et
504 1704 686 1778 intrantes
705 1703 878 1778 Gerwam
904 1716 1174 1803 percusserunt
1191 1715 1265 1779 ter·

164 1828 249 1876 ram
263 1803 368 1876 illam
382 1805 497 1902 plaga
507 1830 658 1902 magna,
673 1805 773 1878 viros
786 1803 1068 1902 interficientes,
1083 1805 1262 1879 mulieres

165 1903 373 2002 capienteS,
393 1928 511 2001 equos
531 1916 568 1978 et
582 1929 720 2002 pecora
739 1915 777 1978 et
794 1905 915 2003 spolia
934 1905 1054 1977 multa
1072 1906 1262 2000 tollentes,

164 2005 334 2078 dicentes
353 2029 420 2078 eos
439 2014 571 2078 contra
585 2005 712 2078 Danos
731 2006 767 2077 in
787 2005 966 2078 auxilium
985 2005 1134 2079 venisse
1147 2005 1264 2079 Reve-

164 2104 345 2179 lensibus.
396 2105 443 2177 Et
467 2107 652 2180 venerunt
677 2105 815 2179 ibidem
842 2107 888 2179 ad
916 2105 1117 2178 Rodolfum
1145 2107 1263 2204 magi-

164 2215 287 2278 strum
298 2204 436 2279 milicie
447 2207 613 2280 seniores
624 2205 1262 2305 eiusdemprovincieGerwanensis

165 2306 347 2402 dicentes,
366 2329 408 2379 se
426 2331 559 2403 pacem
579 2306 798 2404 Rigensium
819 2307 894 2379 iam
913 2307 1052 2378 dudum
1070 2307 1263 2406 recepisse

164 2431 294 2479 coram
320 2406 458 2479 comite
481 2407 646 2502 Alberto,
674 2406 866 2503 simulque
885 2407 1112 2502 baptismum
1132 2431 1263 2480 eorum

165 2515 425 2604 suscepturos,
453 2518 631 2604 rogantes
651 2531 750 2601 eum,
778 2516 819 2577 ut
838 2530 924 2577 cum
943 2505 1108 2580 exercitu
1128 2531 1197 2580 suo
1216 2507 1262 2580 de
1356 2553 1358 2558 ·

166 2605 305 2679 finibus
330 2607 500 2703 ipsorum
519 2606 648 2680 exiret.
694 2607 741 2678 Et
758 2605 904 2702 accepit
922 2605 1103 2678 Rodolfus
1122 2630 1262 2704 pueros

167 2731 302 2781 eorum
329 2707 497 2804 obsides,
531 2707 746 2781 renovando
776 2731 862 2778 curn
888 2705 942 2787 eis
967 2731 1110 2804 pacem.
1159 2707 1263 2780 Unde

166 2807 251 2880 iura
277 2817 413 2881 cuncta
441 2808 630 2904 quondam
657 2809 701 2879 ab
733 2805 788 2880 eis
816 2816 988 2904 accepta,
1024 2816 1061 2880 et
1087 2805 1201 2881 fidem
1226 2817 1264 2880 et

166 2909 274 3007 leges
300 2907 556 3007 promiserunt
582 2931 623 2982 se
649 2907 826 3005 deinceps
850 2929 1002 2980 servare
1026 2907 1262 2980 christianas,

166 3009 214 3080 Et
237 3011 493 3108 suggerebant
517 3008 694 3080 fratribus
721 3007 874 3104 milicie,
901 3017 941 3079 ut
965 3007 1081 3080 cicius
1099 3006 1264 3082 redirent

166 3110 215 3182 ad
243 3109 408 3182 eundum
434 3133 520 3182 cum
549 3109 663 3183 eisin
690 3107 880 3182 Vironiam
904 3132 991 3181 cum
1016 3108 1196 3206 exercitu,
1224 3118 1264 3180 ut

167 3210 302 3306 iugum
328 3209 419 3281 illud
446 3207 730 3282 christianitatis
757 3209 871 3282 etiam
899 3209 944 3281 ad
971 3208 1056 3281 illas
1075 3209 1264 3284 deferrent

167 3308 405 3408 provincia55
433 3319 470 3382 et
492 3309 746 3407 promiserunt
765 3309 831 3404 eis,
857 3318 894 3382 et
912 3309 1055 3383 reversi
1073 3318 1161 3381 sunt
1177 3334 1264 3382 cum

167 3411 272 3482 omni
292 3410 408 3508 preda
427 3408 551 3481 suain
570 3409 786 3504 Lyvoniam.

245 3509 336 3582 Post
362 3509 638 3608 expeditionem
664 3508 955 3582 Gerwanensem
972 3509 1109 3582 fratres
1127 3507 1324 3609 miliciep.)

169 3611 215 3686 de
229 3612 399 3685 Wenden
418 3611 462 3683 ad
483 3632 525 3683 se
544 3619 847 3682 convocaverunt
859 3607 959 3682 viros
974 3608 1154 3706 episcopi,
1174 3607 1265 3682 Ger·

167 3711 329 3784 hardum
366 3711 609 3804 advocatum,
649 3733 735 3782 cum
767 3709 940 3782 omnibus
970 3709 1183 3804 Lyvonibus
1221 3733 1265 3783 ac

167 3811 299 3908 bottis,
320 3822 357 3885 et
371 3811 549 3884 comitem
569 3811 743 3884 iuvenem
756 3810 801 3884 de
816 3809 959 3882 familia
978 3809 1158 3908 episcopi,
1177 3833 1263 3882 cum

168 3912 305 3986 ceteris
332 3911 568 4009 Rigensibus,
604 3921 641 3984 et
672 3909 830 4008 profecti
861 3909 1016 3983 suntin
1047 3907 1262 4007 Sackalam‚

168 4011 398 4110 accipientes
412 4034 543 4085 secum
557 4010 857 4085 Saclralanenses
876 4022 914 4084 et
932 4009 1052 4084 eciam
1065 4010 1264 4108 Ugaunen-

167 4137 244 4209 seS,
272 4123 310 4187 et
327 4111 522 4212 progressi
546 4123 634 4184 sunt
660 4111 698 4185 in
717 4111 901 4209 Gerwam,
930 4123 968 4187 et
991 4111 1174 4210 eligentes
1193 4110 1263 4183 sibi
1318 4124 1320 4128 ’

169 4215 214 4288 de
247 4212 560 4304 Gerwanensibus
591 4213 651 4287 vie
683 4213 816 4309 duceS,
856 4238 925 4310 per
960 4223 1080 4286 totam
1111 4223 1260 4286 noctem
