3016 5016
247 492 460 568 HElNRlCl
488 493 766 571 CHRONICON
786 494 1043 590 ‚LYvoulnn
1144 498 1192 574 25

90 697 177 793 ipse
204 696 333 768 dolum
358 695 482 769 sciens
508 720 653 793 eorum,
681 697 796 770 armis
821 696 900 772 suis
925 697 1077 769 indutus
1105 720 1191 770 cum

46 805 48 808 ’
92 807 209 869 comit
183 796 294 869 'tibus
322 797 400 868 suis
427 798 472 869 ad
499 820 564 869 eos
589 798 691 870 foras
719 798 921 895 egreditur,
950 808 987 871 et
1011 797 1085 870 illis
1105 821 1191 869 cum

93 922 140 970 eu
161 899 280 970 multa
299 896 625 985 confabulantibus
645 900 690 970 ad
710 897 857 995 singula
878 923 1024 1011 queque
1043 922 1193 996 compe-

9 1049 11 1056 ·
90 1008 218 1071 tenter
242 977 456 1095 respondet.
505 997 659 1071 Interim
688 999 840 1110 quidam
864 997 1084 1096 episcopum
1111 1023 1193 1096 pre·
1285 1035 1287 1038 ·

9 1133 10 1138 ¹
91 1099 272 1172 cedentes
287 1096 702 1194 superveniuntUnde
717 1097 838 1196 magis
853 1098 1104 1196 obstupefacti
1121 1096 1192 1194 Ly-

9 1245 11 1282 2
91 1221 212 1272 vones
241 1208 278 1271 et
305 1198 342 1270 in
369 1198 501 1296 fugam
531 1198 630 1272 versi
657 1198 839 1273 beneficio
866 1198 1127 1280 navicularum
1149 1223 1191 1272 se

9 1335 11 1348 ·
91 1297 335 1371 committunt
354 1308 391 1371 et
408 1323 541 1372 versus
561 1309 728 1372 castrum
745 1299 974 1372 Leneworde
996 1323 1082 1371 curn
1103 1323 1192 1371 uxo·

8 1409 10 1460 ὲ
90 1399 198 1472 ribus
217 1398 294 1471 suis
314 1409 352 1472 et
369 1399 534 1497 parvulis
553 1401 772 1496 ascendunt,
799 1399 891 1472 satis
909 1400 982 1472 huc
1001 1399 1192 1474 evidenter

91 1500 410 1596 demonstrantes,
438 1500 535 1596 quod
555 1500 783 1598 baptismum
802 1500 877 1572 iarn
902 1499 1047 1598 pridem
1066 1523 1192 1574 susce·

89 1607 201 1698 ptum
215 1599 340 1672 minus
355 1611 590 1673 curaverunt.
617 1600 808 1698 Peregrini
823 1599 948 1698 itaque
963 1600 1052 1673 dum
1065 1600 1192 1676 vident

8 1781 10 1786 ,
91 1700 293 1799 neophitos
313 1701 494 1797 ¹Lyvones
525 1701 563 1772 in
593 1710 738 1774 tanturn
766 1701 1004 1774 exhorbitare
1032 1711 1069 1774 et
1095 1711 1191 1774 tam·

8 1815 10 1820 '
93 1825 211 1899 quam
235 1824 348 1874 canes
374 1802 419 1874 ad
446 1802 564 1874 vomit
550 1811 629 1874 tum
649 1800 784 1898 redire,
803 1826 848 1874 eo
868 1801 966 1915 quod
985 1801 1072 1874 fidei
1099 1802 1189 1874 olim

7 1903 9 1960 j
91 1913 272 1998 suscepte
291 1901 570 1998 obliviscantur,
590 1903 671 1976 zelo
688 1901 754 1975 llei
776 1901 925 1975 accensi
944 1902 1189 1998 insequuntur

7 2003 9 2070 ,ἓ
90 2002 295 2101 fugientes
356 2001 430 2075 Sed
463 2027 549 2074 mox
582 2013 622 2075 ut
658 2002 896 2116 conspiciunt
930 2026 995 2075 eos
1027 2027 1069 2076 se
1106 2002 1190 2076 aliis

7 2139 9 2190 1
90 2103 257 2201 paganis
284 2102 329 2175 de
354 2095 582 2176 Leneworde
601 2103 840 2177 coniunxisse
858 2102 1074 2200 relictisque
1091 2103 1191 2177 villis

7 2199 9 2248 :
90 2203 274 2276 silvarum
292 2203 456 2276 latebras
475 2228 559 2276 curn
578 2203 669 2304 ipsis
688 2203 839 2300 adiisse,
865 2204 1030 2278 urbem
1020 2228 1190 2301 ipsorum
1285 2277 1289 2286 ,

7 2307 9 2312 ’
92 2303 295 2376 adhibito'
286 2329 374 2401 igne
393 2304 635 2378 succendunt
671 2304 813 2377 Deinde
830 2303 1042 2402 peregrinis
1061 2329 1190 2378 ascen·
1200 2321 1249 2406 (9)

92 2403 269 2478 dentibus
304 2427 414 2478 secus
446 2404 615 2498 Dunam‚
654 2429 743 2478 ecce
778 2403 950 2500 Lyvones
982 2406 1027 2478 de
1064 2416 1187 2499 castro

89 2507 228 2578 Ascrat
229 2505 255 2576 h
213 2515 353 2578 trem
373 2513 520 2603 gestam
541 2505 748 2602 audientes7
775 2505 962 2579 divertunt
985 2505 1031 2577 ad
1050 2493 1189 2578 tutiora

6 2607 12 2696 l
90 2607 177 2679 loca
205 2605 382 2679 nemoris.
429 2605 533 2679 Unde
560 2607 802 2702 factumest
840 2615 881 2677 ut
907 2629 1039 2679 eorum
1062 2615 1187 2678 castro

89 2731 162 2804 per
194 2705 263 2779 Dei
289 2705 452 2820 gratiam
485 2715 615 2779 exusto
642 2730 776 2820 pacem
802 2730 889 2777 curn
920 2705 1188 2820 Theuthonicis

91 2804 191 2879 datis
217 2805 407 2879 obsidibus
433 2807 574 2905 ineunt
607 2817 645 2880 et
671 2806 773 2880 brevi
793 2830 834 2880 se
853 2804 987 2905 Rigam
1006 2805 1131 2880 venire
1150 2818 1189 2881 et

6 2905 11 2994 ζ.
90 2907 143 2979 1b1
162 2906 262 3004 bap
252 2932 342 2980 rzarr
362 2907 594 3004 promittunt
637 2906 808 2993 Quodet
825 2917 959 3005 postea
976 2906 1027 2979 ita
1046 2908 1187 2980 factum

6 3003 10 3078 l
92 3017 218 3081 est.
257 3008 422 3082 Audiens
441 3017 567 3082 autern
591 3032 658 3082 rex
675 3007 837 3082 Vetseke
856 3008 902 3081 de
919 3006 1149 3104 Knkonoyse
1159 2987 1269 3109 8(10.)

90 3107 315 3206 peregrinos
340 3103 529 3181 La'tinos
520 3133 558 3180 1n
583 3117 663 3200 tam
686 3107 809 3182 valida
835 3132 950 3180 manu
975 3108 1125 3183 venisse
1152 3120 1189 3184 et

91 3207 217 3281 sibi
181 3207 325 3281 vicinos
344 3232 441 3306 esse,
461 3210 506 3281 ad
524 3207 595 3281 tria
614 3193 788 3282 videlicet
805 3208 977 3305 miliaria,
994 3234 1064 3306 per
1077 3209 1189 3284 inter-

6 3311 9 3392 l
91 3305 272 3382 nuncium
290 3309 385 3407 petit
370 3312 447 3382 tab
468 3309 646 3419 episcopo
666 3312 863 3404 ducatum,
896 3318 934 3383 et
959 3309 1012 3382 ita
1037 3309 1187 3424 navigio

6 3395 11 3486 ξ’
91 3409 325 3483 descendens
354 3409 436 3483 ad
426 3433 564 3509 ipsum
596 3434 682 3482 cum
709 3408 806 3483 datis
832 3408 1021 3483 hincinde
1049 3409 1188 3485 dext1is
1247 3487 1250 3492 ,

6 3509 14 3594 ζ
91 3510 324 3584 salutassent
341 3534 394 3606 se,
422 3535 556 3608 pacem
574 3508 711 3584 ibidem
729 3508 877 3582 firmam
897 3535 984 3583 curn
1002 3510 1122 3584 Theut
1123 3512 1189 3583 ho-

6 3635 10 3700 t
91 3609 187 3683 uicis
207 3610 315 3684 lecit·
282 3622 316 3707 t,
344 3636 416 3709 que
440 3620 567 3685 tamen
586 3620 719 3708 postea
737 3634 853 3708 parvo
882 3621 1054 3708 tempore
1072 3610 1186 3684 stetit.

6 3705 11 3734 '
90 3709 188 3784 Pace
212 3712 313 3784 facta
339 3711 554 3786 valedicens
583 3711 769 3809 omnibus,
796 3711 895 3785 letus
915 3712 959 3783 ad
979 3734 1047 3782 sua
1065 3735 1189 3785 rever·

6 3861 8 3900 ,
92 3835 158 3884 sus
177 3820 246 3885 est,

167 3911 249 3984 Hiis
281 3911 408 4026 itaque
439 3911 622 4010 peracto,
662 3913 862 3987 redeuntes
899 3911 1088 4011 peregrini
1118 3937 1188 4011 per
1197 3929 1269 4014 (11)

90 4010 192 4108 viam
211 4036 334 4110 suam,
352 4012 389 4086 in
409 4037 565 4088 nemore
576 4013 826 4118 densissimo
816 4023 918 4087 iuxta
935 4013 1034 4089 viam
1048 4013 1187 4146 Meme-

92 4209 137 4281 78)
153 4213 236 4266 hodie
256 4212 443 4267 Kolenhusen
462 4215 495 4266 ad
514 4212 622 4268 [lunam
643 4215 669 4269 ll.
744 4187 746 4190 ι
