<?xml version="1.0" encoding="UTF-8"?>
<!DOCTYPE html PUBLIC "-//W3C//DTD XHTML 1.0 Transitional//EN"
    "http://www.w3.org/TR/xhtml1/DTD/xhtml1-transitional.dtd">
<html xmlns="http://www.w3.org/1999/xhtml" xml:lang="en" lang="en">
 <head>
  <title>
</title>
<meta http-equiv="Content-Type" content="text/html;charset=utf-8" />
  <meta name='ocr-system' content='tesseract 3.04.00' />
  <meta name='ocr-capabilities' content='ocr_page ocr_carea ocr_par ocr_line ocrx_word'/>
</head>
<body>
  <div class='ocr_page' id='page_1' title='image "./heinricichronic00arndgoog_0178.png"; bbox 0 0 3084 5018; ppageno 0'>
   <div class='ocr_carea' id='block_1_1' title="bbox 311 422 1266 530">
    <p class='ocr_par' dir='ltr' id='par_1_1' title="bbox 311 422 1266 530">
     <span class='ocr_line' id='line_1_1' title="bbox 311 422 1266 530; baseline -0.01 -25"><span class='ocrx_word' id='word_1_1' title='bbox 311 431 399 530; x_wconf 57' lang='grc' dir='ltr'>ι150</span> <span class='ocrx_word' id='word_1_2' title='bbox 471 425 684 500; x_wconf 81' lang='lat' dir='ltr'>HEINRlCl</span> <span class='ocrx_word' id='word_1_3' title='bbox 712 423 988 499; x_wconf 85' lang='lat' dir='ltr'>CHRONlCON</span> <span class='ocrx_word' id='word_1_4' title='bbox 1014 422 1266 497; x_wconf 81' lang='lat' dir='ltr'><strong>LYVONIAE.</strong></span> 
     </span>
    </p>
   </div>
   <div class='ocr_carea' id='block_1_2' title="bbox 263 622 1533 3930">
    <p class='ocr_par' dir='ltr' id='par_1_2' title="bbox 321 622 1533 1326">
     <span class='ocr_line' id='line_1_2' title="bbox 324 622 1420 726; baseline -0.005 -27"><span class='ocrx_word' id='word_1_5' title='bbox 324 627 482 726; x_wconf 82' lang='lat' dir='ltr'>paganis</span> <span class='ocrx_word' id='word_1_6' title='bbox 500 652 522 699; x_wconf 92' lang='lat' dir='ltr'>a</span> <span class='ocrx_word' id='word_1_7' title='bbox 541 627 621 701; x_wconf 89' lang='lat' dir='ltr'>Deo</span> <span class='ocrx_word' id='word_1_8' title='bbox 641 626 789 700; x_wconf 88' lang='lat' dir='ltr'>collata.</span> <span class='ocrx_word' id='word_1_9' title='bbox 827 624 896 698; x_wconf 86' lang='lat' dir='ltr'>Et</span> <span class='ocrx_word' id='word_1_10' title='bbox 887 650 925 697; x_wconf 92' lang='lat' dir='ltr'>m</span> <span class='ocrx_word' id='word_1_11' title='bbox 939 625 1064 698; x_wconf 91' lang='lat' dir='ltr'>locum</span> <span class='ocrx_word' id='word_1_12' title='bbox 1079 623 1248 722; x_wconf 80' lang='lat' dir='ltr'>episcopi</span> <span class='ocrx_word' id='word_1_13' title='bbox 1239 622 1420 721; x_wconf 84' lang='lat' dir='ltr'>predicti</span> 
     </span>
     <span class='ocr_line' id='line_1_3' title="bbox 323 724 1533 836; baseline -0.002 -37"><span class='ocrx_word' id='word_1_14' title='bbox 323 727 543 801; x_wconf 79' lang='lat' dir='ltr'>Theoderici</span> <span class='ocrx_word' id='word_1_15' title='bbox 535 725 798 824; x_wconf 79' lang='lat' dir='ltr'><strong>capellanum</strong></span> <span class='ocrx_word' id='word_1_16' title='bbox 818 749 929 798; x_wconf 89' lang='lat' dir='ltr'>suurn</span> <span class='ocrx_word' id='word_1_17' title='bbox 942 724 1198 800; x_wconf 89' lang='lat' dir='ltr'>Wesoelinum</span> <span class='ocrx_word' id='word_1_18' title='bbox 1217 724 1420 797; x_wconf 85' lang='lat' dir='ltr'>substitue·</span> <span class='ocrx_word' id='word_1_19' title='bbox 1531 809 1533 836; x_wconf 53' lang='grc' dir='ltr'>Ι</span> 
     </span>
     <span class='ocr_line' id='line_1_4' title="bbox 323 823 1533 925; baseline -0.003 -27"><span class='ocrx_word' id='word_1_20' title='bbox 323 837 422 924; x_wconf 77' lang='lat' dir='ltr'>runt,</span> <span class='ocrx_word' id='word_1_21' title='bbox 448 827 691 925; x_wconf 85' lang='lat' dir='ltr'>perfectoque</span> <span class='ocrx_word' id='word_1_22' title='bbox 710 837 836 899; x_wconf 89' lang='lat' dir='ltr'>castro</span> <span class='ocrx_word' id='word_1_23' title='bbox 854 825 1099 920; x_wconf 88' lang='lat' dir='ltr'>locatisque</span> <span class='ocrx_word' id='word_1_24' title='bbox 1090 850 1128 897; x_wconf 91' lang='lat' dir='ltr'>m</span> <span class='ocrx_word' id='word_1_25' title='bbox 1147 849 1206 918; x_wconf 76' lang='lat' dir='ltr'>eo,</span> <span class='ocrx_word' id='word_1_26' title='bbox 1224 823 1336 899; x_wconf 87' lang='lat' dir='ltr'>rediit</span> <span class='ocrx_word' id='word_1_27' title='bbox 1352 848 1419 897; x_wconf 84' lang='lat' dir='ltr'>rex</span> <span class='ocrx_word' id='word_1_28' title='bbox 1532 837 1533 842; x_wconf 77' lang='grc'>’</span> 
     </span>
     <span class='ocr_line' id='line_1_5' title="bbox 323 925 1419 1022; baseline -0.004 -23"><span class='ocrx_word' id='word_1_29' title='bbox 323 927 361 999; x_wconf 94' lang='lat' dir='ltr'>in</span> <span class='ocrx_word' id='word_1_30' title='bbox 384 926 587 1001; x_wconf 67' lang='lat' dir='ltr'>Daciamsst</span> <span class='ocrx_word' id='word_1_31' title='bbox 629 927 676 999; x_wconf 84' lang='lat' dir='ltr'>Et</span> <span class='ocrx_word' id='word_1_32' title='bbox 699 935 964 1001; x_wconf 87' lang='lat' dir='ltr'>remanserunt</span> <span class='ocrx_word' id='word_1_33' title='bbox 986 925 1123 1004; x_wconf 85' lang='lat' dir='ltr'>ibidem</span> <span class='ocrx_word' id='word_1_34' title='bbox 1143 925 1311 1022; x_wconf 83' lang='lat' dir='ltr'>episcopi</span> <span class='ocrx_word' id='word_1_35' title='bbox 1331 948 1419 997; x_wconf 88' lang='lat' dir='ltr'>cum</span> 
     </span>
     <span class='ocr_line' id='line_1_6' title="bbox 321 1013 1533 1140; baseline -0.004 -39"><span class='ocrx_word' id='word_1_36' title='bbox 321 1013 419 1101; x_wconf 86' lang='lat' dir='ltr'>viris</span> <span class='ocrx_word' id='word_1_37' title='bbox 429 1028 544 1126; x_wconf 76' lang='lat' dir='ltr'>regis,</span> <span class='ocrx_word' id='word_1_38' title='bbox 571 1027 632 1124; x_wconf 92' lang='lat' dir='ltr'>qui</span> <span class='ocrx_word' id='word_1_39' title='bbox 652 1052 719 1124; x_wconf 89' lang='lat' dir='ltr'>per</span> <span class='ocrx_word' id='word_1_40' title='bbox 733 1037 855 1099; x_wconf 89' lang='lat' dir='ltr'>totum</span> <span class='ocrx_word' id='word_1_41' title='bbox 874 1050 1013 1100; x_wconf 87' lang='lat' dir='ltr'>annum</span> <span class='ocrx_word' id='word_1_42' title='bbox 1032 1025 1139 1098; x_wconf 87' lang='lat' dir='ltr'>illurn</span> <span class='ocrx_word' id='word_1_43' title='bbox 1154 1034 1420 1140; x_wconf 83' lang='lat' dir='ltr'>pugnaverunt</span> <span class='ocrx_word' id='word_1_44' title='bbox 1530 1051 1533 1130; x_wconf 53' lang='grc' dir='ltr'><em>Ξ</em></span> 
     </span>
     <span class='ocr_line' id='line_1_7' title="bbox 323 1125 1533 1223; baseline -0.003 -23"><span class='ocrx_word' id='word_1_45' title='bbox 323 1152 408 1200; x_wconf 88' lang='lat' dir='ltr'>cum</span> <span class='ocrx_word' id='word_1_46' title='bbox 438 1127 728 1216; x_wconf 60' lang='lat' dir='ltr'>Revelensiuus„</span> <span class='ocrx_word' id='word_1_47' title='bbox 760 1127 881 1201; x_wconf 87' lang='lat' dir='ltr'>donec</span> <span class='ocrx_word' id='word_1_48' title='bbox 911 1128 1063 1199; x_wconf 90' lang='lat' dir='ltr'>tandem</span> <span class='ocrx_word' id='word_1_49' title='bbox 1090 1125 1266 1223; x_wconf 85' lang='lat' dir='ltr'>baptismi</span> <span class='ocrx_word' id='word_1_50' title='bbox 1295 1149 1420 1197; x_wconf 86' lang='lat' dir='ltr'>sacra·</span> <span class='ocrx_word' id='word_1_51' title='bbox 1532 1131 1533 1164; x_wconf 72' lang='lat'><em>³</em></span> 
     </span>
     <span class='ocr_line' id='line_1_8' title="bbox 322 1238 747 1341; baseline 0.002 -41"><span class='ocrx_word' id='word_1_52' title='bbox 322 1238 492 1302; x_wconf 86' lang='lat' dir='ltr'>mentum</span> <span class='ocrx_word' id='word_1_53' title='bbox 511 1238 747 1341; x_wconf 83' lang='lat' dir='ltr'>acceperunt.</span> 
     </span>
    </p>

    <p class='ocr_par' dir='ltr' id='par_1_3' title="bbox 263 1326 1421 1625">
     <span class='ocr_line' id='line_1_9' title="bbox 263 1326 1421 1428; baseline -0.002 -28"><span class='ocrx_word' id='word_1_54' title='bbox 263 1341 313 1428; x_wconf 78' lang='grc'>(3.)</span> <span class='ocrx_word' id='word_1_55' title='bbox 398 1327 485 1401; x_wconf 86' lang='lat' dir='ltr'><strong>Post</strong></span> <span class='ocrx_word' id='word_1_56' title='bbox 510 1327 671 1403; x_wconf 88' lang='lat' dir='ltr'>reditum</span> <span class='ocrx_word' id='word_1_57' title='bbox 699 1326 875 1402; x_wconf 89' lang='lat' dir='ltr'>antistitis</span> <span class='ocrx_word' id='word_1_58' title='bbox 903 1327 940 1399; x_wconf 91' lang='lat' dir='ltr'>in</span> <span class='ocrx_word' id='word_1_59' title='bbox 965 1326 1173 1423; x_wconf 87' lang='lat' dir='ltr'>Lyvoniam</span> <span class='ocrx_word' id='word_1_60' title='bbox 1197 1350 1285 1400; x_wconf 88' lang='lat' dir='ltr'>cum</span> <span class='ocrx_word' id='word_1_61' title='bbox 1312 1349 1421 1423; x_wconf 89' lang='lat' dir='ltr'>pere·</span> 
     </span>
     <span class='ocr_line' id='line_1_10' title="bbox 323 1423 1420 1539; baseline 0 -41"><span class='ocrx_word' id='word_1_62' title='bbox 323 1428 441 1524; x_wconf 83' lang='lat' dir='ltr'>grinis</span> <span class='ocrx_word' id='word_1_63' title='bbox 454 1429 546 1525; x_wconf 70' lang='lat' dir='ltr'>soie,</span> <span class='ocrx_word' id='word_1_64' title='bbox 564 1439 748 1502; x_wconf 87' lang='lat' dir='ltr'>venerunt</span> <span class='ocrx_word' id='word_1_65' title='bbox 760 1429 806 1500; x_wconf 92' lang='lat' dir='ltr'>ad</span> <span class='ocrx_word' id='word_1_66' title='bbox 820 1452 907 1501; x_wconf 88' lang='lat' dir='ltr'>eum</span> <span class='ocrx_word' id='word_1_67' title='bbox 922 1426 1120 1526; x_wconf 82' lang='lat' dir='ltr'>Semigalli</span> <span class='ocrx_word' id='word_1_68' title='bbox 1138 1428 1184 1502; x_wconf 90' lang='lat' dir='ltr'>de</span> <span class='ocrx_word' id='word_1_69' title='bbox 1198 1423 1420 1539; x_wconf 73' lang='lat' dir='ltr'>Mesyote⁸‘</span> 
     </span>
     <span class='ocr_line' id='line_1_11' title="bbox 322 1525 1420 1625; baseline -0.004 -25"><span class='ocrx_word' id='word_1_70' title='bbox 322 1538 493 1625; x_wconf 89' lang='lat' dir='ltr'>petentes</span> <span class='ocrx_word' id='word_1_71' title='bbox 509 1528 690 1600; x_wconf 87' lang='lat' dir='ltr'>auxilium</span> <span class='ocrx_word' id='word_1_72' title='bbox 707 1538 837 1600; x_wconf 88' lang='lat' dir='ltr'>contra</span> <span class='ocrx_word' id='word_1_73' title='bbox 856 1528 1031 1612; x_wconf 85' lang='lat' dir='ltr'>Letones.</span> <span class='ocrx_word' id='word_1_74' title='bbox 1068 1525 1115 1598; x_wconf 77' lang='lat' dir='ltr'>Et</span> <span class='ocrx_word' id='word_1_75' title='bbox 1132 1526 1187 1600; x_wconf 87' lang='lat' dir='ltr'>ait</span> <span class='ocrx_word' id='word_1_76' title='bbox 1199 1526 1420 1624; x_wconf 89' lang='lat' dir='ltr'>episcopus:</span> 
     </span>
    </p>

    <p class='ocr_par' dir='ltr' id='par_1_4' title="bbox 322 1625 1418 1722">
     <span class='ocr_line' id='line_1_12' title="bbox 322 1625 1418 1722; baseline -0.002 -24"><span class='ocrx_word' id='word_1_77' title='bbox 322 1627 365 1698; x_wconf 86' lang='lat' dir='ltr'>Si</span> <span class='ocrx_word' id='word_1_78' title='bbox 389 1625 573 1721; x_wconf 78' lang='lat' dir='ltr'>baptizari</span> <span class='ocrx_word' id='word_1_79' title='bbox 598 1627 784 1701; x_wconf 70' lang='lat' dir='ltr'>calamitis</span> <span class='ocrx_word' id='word_1_80' title='bbox 810 1635 847 1700; x_wconf 84' lang='lat' dir='ltr'>et</span> <span class='ocrx_word' id='word_1_81' title='bbox 869 1628 964 1722; x_wconf 78' lang='lat' dir='ltr'>tapes</span> <span class='ocrx_word' id='word_1_82' title='bbox 991 1630 1155 1722; x_wconf 84' lang='lat' dir='ltr'>accipere</span> <span class='ocrx_word' id='word_1_83' title='bbox 1180 1627 1418 1718; x_wconf 75' lang='lat' dir='ltr'>christianae,</span> 
     </span>
    </p>

    <p class='ocr_par' dir='ltr' id='par_1_5' title="bbox 321 1727 1533 2325">
     <span class='ocr_line' id='line_1_13' title="bbox 322 1727 1533 1822; baseline -0.002 -22"><span class='ocrx_word' id='word_1_84' title='bbox 322 1735 408 1800; x_wconf 84' lang='lat' dir='ltr'>tunc</span> <span class='ocrx_word' id='word_1_85' title='bbox 436 1728 540 1802; x_wconf 77' lang='lat' dir='ltr'>vobis</span> <span class='ocrx_word' id='word_1_86' title='bbox 569 1729 747 1800; x_wconf 78' lang='lat' dir='ltr'>ancilium</span> <span class='ocrx_word' id='word_1_87' title='bbox 778 1727 1006 1822; x_wconf 75' lang='lat' dir='ltr'>probabimus</span> <span class='ocrx_word' id='word_1_88' title='bbox 1036 1735 1074 1800; x_wconf 85' lang='lat' dir='ltr'>et</span> <span class='ocrx_word' id='word_1_89' title='bbox 1101 1730 1138 1800; x_wconf 82' lang='lat' dir='ltr'>ia</span> <span class='ocrx_word' id='word_1_90' title='bbox 1171 1729 1421 1814; x_wconf 71' lang='lat' dir='ltr'>fraternitatis</span> <span class='ocrx_word' id='word_1_91' title='bbox 1532 1807 1533 1810; x_wconf 5' lang='grc' dir='ltr'><strong>Ἴ</strong></span> 
     </span>
     <span class='ocr_line' id='line_1_14' title="bbox 321 1827 1533 1922; baseline -0.003 -22"><span class='ocrx_word' id='word_1_92' title='bbox 321 1831 914 1922; x_wconf 69' lang='grc' dir='ltr'>ηοεὺνεοοηεονοίιιιηνεοίμὶειηαι.</span> <span class='ocrx_word' id='word_1_93' title='bbox 946 1829 992 1900; x_wconf 86' lang='lat' dir='ltr'>Et</span> <span class='ocrx_word' id='word_1_94' title='bbox 1002 1828 1174 1900; x_wconf 86' lang='lat' dir='ltr'>dixerunt</span> <span class='ocrx_word' id='word_1_95' title='bbox 1189 1827 1263 1898; x_wconf 90' lang='lat' dir='ltr'>illi:</span> <span class='ocrx_word' id='word_1_96' title='bbox 1288 1827 1420 1920; x_wconf 83' lang='lat' dir='ltr'>Bapti·</span> <span class='ocrx_word' id='word_1_97' title='bbox 1531 1837 1533 1840; x_wconf 82' lang='grc'><strong>’</strong></span> 
     </span>
     <span class='ocr_line' id='line_1_15' title="bbox 321 1927 1533 2026; baseline -0.002 -26"><span class='ocrx_word' id='word_1_98' title='bbox 321 1932 401 2001; x_wconf 77' lang='lat' dir='ltr'>auri</span> <span class='ocrx_word' id='word_1_99' title='bbox 417 1929 562 2026; x_wconf 81' lang='lat' dir='ltr'>quidem</span> <span class='ocrx_word' id='word_1_100' title='bbox 584 1936 738 2022; x_wconf 81' lang='lat' dir='ltr'>propter</span> <span class='ocrx_word' id='word_1_101' title='bbox 758 1929 917 2001; x_wconf 84' lang='lat' dir='ltr'>aliorum</span> <span class='ocrx_word' id='word_1_102' title='bbox 944 1927 1226 2024; x_wconf 72' lang='lat' dir='ltr'>semipallorum</span> <span class='ocrx_word' id='word_1_103' title='bbox 1253 1933 1290 1999; x_wconf 85' lang='lat' dir='ltr'>et</span> <span class='ocrx_word' id='word_1_104' title='bbox 1313 1927 1418 1998; x_wconf 74' lang='lat' dir='ltr'>leto·</span> <span class='ocrx_word' id='word_1_105' title='bbox 1532 2021 1533 2026; x_wconf 6' lang='grc' dir='ltr'><strong>Ἰ</strong></span> 
     </span>
     <span class='ocr_line' id='line_1_16' title="bbox 321 2027 1419 2124; baseline -0.007 -24"><span class='ocrx_word' id='word_1_106' title='bbox 321 2052 408 2100; x_wconf 83' lang='lat' dir='ltr'>num</span> <span class='ocrx_word' id='word_1_107' title='bbox 431 2033 660 2117; x_wconf 75' lang='lat' dir='ltr'>ferocitatem</span> <span class='ocrx_word' id='word_1_108' title='bbox 684 2052 757 2101; x_wconf 86' lang='lat' dir='ltr'>non</span> <span class='ocrx_word' id='word_1_109' title='bbox 779 2027 969 2124; x_wconf 76' lang='lat' dir='ltr'>nudemur,</span> <span class='ocrx_word' id='word_1_110' title='bbox 996 2031 1068 2102; x_wconf 76' lang='lat' dir='ltr'>nisi</span> <span class='ocrx_word' id='word_1_111' title='bbox 1090 2031 1210 2102; x_wconf 82' lang='lat' dir='ltr'>missis</span> <span class='ocrx_word' id='word_1_112' title='bbox 1236 2029 1325 2100; x_wconf 74' lang='lat' dir='ltr'>uiris</span> <span class='ocrx_word' id='word_1_113' title='bbox 1343 2028 1419 2098; x_wconf 80' lang='lat' dir='ltr'>tuis</span> 
     </span>
     <span class='ocr_line' id='line_1_17' title="bbox 323 2128 1533 2222; baseline -0.002 -22"><span class='ocrx_word' id='word_1_114' title='bbox 323 2128 374 2200; x_wconf 82' lang='lat' dir='ltr'>ud</span> <span class='ocrx_word' id='word_1_115' title='bbox 391 2153 459 2203; x_wconf 79' lang='lat' dir='ltr'>nos</span> <span class='ocrx_word' id='word_1_116' title='bbox 476 2131 513 2200; x_wconf 84' lang='lat' dir='ltr'>in</span> <span class='ocrx_word' id='word_1_117' title='bbox 531 2136 693 2202; x_wconf 76' lang='lat' dir='ltr'><strong><em>castrum</em></strong></span> <span class='ocrx_word' id='word_1_118' title='bbox 711 2136 879 2203; x_wconf 73' lang='lat' dir='ltr'>nostrum</span> <span class='ocrx_word' id='word_1_119' title='bbox 897 2129 944 2200; x_wconf 82' lang='lat' dir='ltr'>ab</span> <span class='ocrx_word' id='word_1_120' title='bbox 971 2128 1119 2201; x_wconf 83' lang='lat' dir='ltr'>illorum</span> <span class='ocrx_word' id='word_1_121' title='bbox 1144 2129 1418 2222; x_wconf 75' lang='lat' dir='ltr'>impupnotione</span> <span class='ocrx_word' id='word_1_122' title='bbox 1532 2165 1533 2172; x_wconf 33' lang='grc' dir='ltr'>ι</span> 
     </span>
     <span class='ocr_line' id='line_1_18' title="bbox 322 2225 1418 2325; baseline -0.003 -25"><span class='ocrx_word' id='word_1_123' title='bbox 322 2232 566 2324; x_wconf 72' lang='lat' dir='ltr'>conteraris,</span> <span class='ocrx_word' id='word_1_124' title='bbox 597 2233 659 2325; x_wconf 82' lang='lat' dir='ltr'>qui</span> <span class='ocrx_word' id='word_1_125' title='bbox 683 2228 870 2302; x_wconf 80' lang='lat' dir='ltr'>nobiscum</span> <span class='ocrx_word' id='word_1_126' title='bbox 894 2237 1160 2302; x_wconf 83' lang='lat' dir='ltr'>commanentes</span> <span class='ocrx_word' id='word_1_127' title='bbox 1183 2235 1220 2300; x_wconf 85' lang='lat' dir='ltr'>et</span> <span class='ocrx_word' id='word_1_128' title='bbox 1244 2225 1418 2320; x_wconf 76' lang='lat' dir='ltr'>baptismi</span> 
     </span>
    </p>

    <p class='ocr_par' dir='ltr' id='par_1_6' title="bbox 318 2327 1417 2443">
     <span class='ocr_line' id='line_1_19' title="bbox 318 2327 1417 2443; baseline -0.002 -43"><span class='ocrx_word' id='word_1_129' title='bbox 318 2352 369 2422; x_wconf 86' lang='lat' dir='ltr'>po</span> <span class='ocrx_word' id='word_1_130' title='bbox 372 2335 491 2401; x_wconf 84' lang='lat' dir='ltr'>terunt</span> <span class='ocrx_word' id='word_1_131' title='bbox 476 2330 617 2404; x_wconf 81' lang='lat' dir='ltr'>tuobir</span> <span class='ocrx_word' id='word_1_132' title='bbox 643 2332 851 2404; x_wconf 84' lang='lat' dir='ltr'>ministrare</span> <span class='ocrx_word' id='word_1_133' title='bbox 877 2335 1158 2443; x_wconf 75' lang='lat' dir='ltr'>sacramentum,</span> <span class='ocrx_word' id='word_1_134' title='bbox 1185 2327 1332 2422; x_wconf 73' lang='lat' dir='ltr'>etleqer</span> <span class='ocrx_word' id='word_1_135' title='bbox 1350 2327 1417 2398; x_wconf 86' lang='lat' dir='ltr'>do·</span> 
     </span>
    </p>

    <p class='ocr_par' dir='ltr' id='par_1_7' title="bbox 322 2427 1533 3326">
     <span class='ocr_line' id='line_1_20' title="bbox 323 2427 1417 2542; baseline -0.003 -42"><span class='ocrx_word' id='word_1_136' title='bbox 323 2453 402 2502; x_wconf 85' lang='lat' dir='ltr'>cere</span> <span class='ocrx_word' id='word_1_137' title='bbox 432 2429 724 2503; x_wconf 81' lang='lat' dir='ltr'>christianorum.</span> <span class='ocrx_word' id='word_1_138' title='bbox 779 2430 826 2502; x_wconf 83' lang='lat' dir='ltr'>Et</span> <span class='ocrx_word' id='word_1_139' title='bbox 854 2429 994 2528; x_wconf 85' lang='lat' dir='ltr'>placuit</span> <span class='ocrx_word' id='word_1_140' title='bbox 1021 2430 1198 2542; x_wconf 77' lang='lat' dir='ltr'>episeopo</span> <span class='ocrx_word' id='word_1_141' title='bbox 1226 2427 1417 2539; x_wconf 87' lang='lat' dir='ltr'>simulque</span> 
     </span>
     <span class='ocr_line' id='line_1_21' title="bbox 323 2527 1533 2628; baseline -0.002 -28"><span class='ocrx_word' id='word_1_142' title='bbox 323 2529 547 2628; x_wconf 80' lang='lat' dir='ltr'>lligensibus</span> <span class='ocrx_word' id='word_1_143' title='bbox 562 2530 761 2604; x_wconf 89' lang='lat' dir='ltr'>consilium</span> <span class='ocrx_word' id='word_1_144' title='bbox 776 2554 920 2625; x_wconf 79' lang='lat' dir='ltr'>eorum⁷</span> <span class='ocrx_word' id='word_1_145' title='bbox 940 2540 978 2602; x_wconf 91' lang='lat' dir='ltr'>et</span> <span class='ocrx_word' id='word_1_146' title='bbox 994 2527 1141 2604; x_wconf 83' lang='lat' dir='ltr'>remisit</span> <span class='ocrx_word' id='word_1_147' title='bbox 1153 2552 1238 2601; x_wconf 87' lang='lat' dir='ltr'>curn</span> <span class='ocrx_word' id='word_1_148' title='bbox 1255 2527 1308 2600; x_wconf 89' lang='lat' dir='ltr'>eis</span> <span class='ocrx_word' id='word_1_149' title='bbox 1321 2551 1418 2620; x_wconf 88' lang='lat' dir='ltr'>nun·</span> <span class='ocrx_word' id='word_1_150' title='bbox 1532 2531 1533 2544; x_wconf 59' lang='lat'>¹</span> 
     </span>
     <span class='ocr_line' id='line_1_22' title="bbox 323 2627 1417 2726; baseline -0.003 -25"><span class='ocrx_word' id='word_1_151' title='bbox 323 2629 402 2702; x_wconf 90' lang='lat' dir='ltr'>cios</span> <span class='ocrx_word' id='word_1_152' title='bbox 430 2654 532 2726; x_wconf 77' lang='lat' dir='ltr'>suos,</span> <span class='ocrx_word' id='word_1_153' title='bbox 559 2630 750 2725; x_wconf 83' lang='lat' dir='ltr'>requirere</span> <span class='ocrx_word' id='word_1_154' title='bbox 776 2653 1004 2702; x_wconf 88' lang='lat' dir='ltr'>consensum</span> <span class='ocrx_word' id='word_1_155' title='bbox 1030 2630 1150 2703; x_wconf 89' lang='lat' dir='ltr'>eciam</span> <span class='ocrx_word' id='word_1_156' title='bbox 1175 2651 1318 2723; x_wconf 72' lang='lat' dir='ltr'>eorum,</span> <span class='ocrx_word' id='word_1_157' title='bbox 1351 2627 1417 2724; x_wconf 91' lang='lat' dir='ltr'>qui</span> 
     </span>
     <span class='ocr_line' id='line_1_23' title="bbox 324 2728 1416 2842; baseline -0.001 -41"><span class='ocrx_word' id='word_1_158' title='bbox 324 2729 425 2802; x_wconf 90' lang='lat' dir='ltr'>domi</span> <span class='ocrx_word' id='word_1_159' title='bbox 455 2731 617 2803; x_wconf 88' lang='lat' dir='ltr'>fuerunt</span> <span class='ocrx_word' id='word_1_160' title='bbox 677 2730 724 2801; x_wconf 89' lang='lat' dir='ltr'>Et</span> <span class='ocrx_word' id='word_1_161' title='bbox 752 2739 937 2804; x_wconf 87' lang='lat' dir='ltr'>venerunt</span> <span class='ocrx_word' id='word_1_162' title='bbox 966 2729 1103 2804; x_wconf 88' lang='lat' dir='ltr'>iterum</span> <span class='ocrx_word' id='word_1_163' title='bbox 1139 2740 1250 2842; x_wconf 83' lang='lat' dir='ltr'>atque</span> <span class='ocrx_word' id='word_1_164' title='bbox 1286 2728 1416 2826; x_wconf 90' lang='lat' dir='ltr'>sepius</span> 
     </span>
     <span class='ocr_line' id='line_1_24' title="bbox 324 2829 1446 2928; baseline -0.002 -26"><span class='ocrx_word' id='word_1_165' title='bbox 324 2831 559 2926; x_wconf 86' lang='lat' dir='ltr'>postulantes</span> <span class='ocrx_word' id='word_1_166' title='bbox 577 2830 642 2901; x_wconf 90' lang='lat' dir='ltr'>id</span> <span class='ocrx_word' id='word_1_167' title='bbox 632 2853 768 2928; x_wconf 79' lang='lat' dir='ltr'>ipsum.</span> <span class='ocrx_word' id='word_1_168' title='bbox 805 2830 908 2903; x_wconf 87' lang='lat' dir='ltr'>Tunc</span> <span class='ocrx_word' id='word_1_169' title='bbox 926 2832 1078 2904; x_wconf 83' lang='lat' dir='ltr'>tandem</span> <span class='ocrx_word' id='word_1_170' title='bbox 1092 2829 1255 2903; x_wconf 84' lang='lat' dir='ltr'>surrexit</span> <span class='ocrx_word' id='word_1_171' title='bbox 1272 2829 1418 2924; x_wconf 89' lang='lat' dir='ltr'>episco-</span> <span class='ocrx_word' id='word_1_172' title='bbox 1440 2899 1446 2911; x_wconf 80' lang='grc'>,</span> 
     </span>
     <span class='ocr_line' id='line_1_25' title="bbox 323 2928 1417 3041; baseline 0 -41"><span class='ocrx_word' id='word_1_173' title='bbox 323 2953 418 3041; x_wconf 81' lang='lat' dir='ltr'>pus</span> <span class='ocrx_word' id='word_1_174' title='bbox 413 2954 499 3002; x_wconf 90' lang='lat' dir='ltr'>cum</span> <span class='ocrx_word' id='word_1_175' title='bbox 519 2930 612 3002; x_wconf 90' lang='lat' dir='ltr'>duce</span> <span class='ocrx_word' id='word_1_176' title='bbox 626 2929 789 3003; x_wconf 85' lang='lat' dir='ltr'>Saxonie</span> <span class='ocrx_word' id='word_1_177' title='bbox 808 2941 948 3003; x_wconf 88' lang='lat' dir='ltr'>etcum</span> <span class='ocrx_word' id='word_1_178' title='bbox 967 2930 1190 3028; x_wconf 88' lang='lat' dir='ltr'>quibusdam</span> <span class='ocrx_word' id='word_1_179' title='bbox 1209 2928 1291 3001; x_wconf 89' lang='lat' dir='ltr'>aliis</span> <span class='ocrx_word' id='word_1_180' title='bbox 1309 2953 1417 3041; x_wconf 81' lang='lat' dir='ltr'>pere-</span> 
     </span>
     <span class='ocr_line' id='line_1_26' title="bbox 323 3028 1416 3140; baseline 0.001 -41"><span class='ocrx_word' id='word_1_181' title='bbox 323 3028 440 3140; x_wconf 76' lang='lat' dir='ltr'>guinis</span> <span class='ocrx_word' id='word_1_182' title='bbox 468 3039 505 3102; x_wconf 88' lang='lat' dir='ltr'>et</span> <span class='ocrx_word' id='word_1_183' title='bbox 535 3053 621 3101; x_wconf 89' lang='lat' dir='ltr'>cum</span> <span class='ocrx_word' id='word_1_184' title='bbox 649 3030 841 3128; x_wconf 89' lang='lat' dir='ltr'>preposito</span> <span class='ocrx_word' id='word_1_185' title='bbox 870 3032 978 3104; x_wconf 89' lang='lat' dir='ltr'>beate</span> <span class='ocrx_word' id='word_1_186' title='bbox 1003 3029 1119 3103; x_wconf 85' lang='lat' dir='ltr'>Maria</span> <span class='ocrx_word' id='word_1_187' title='bbox 1147 3040 1295 3103; x_wconf 89' lang='lat' dir='ltr'>etcum</span> <span class='ocrx_word' id='word_1_188' title='bbox 1324 3028 1416 3100; x_wconf 88' lang='lat' dir='ltr'>viris</span> 
     </span>
     <span class='ocr_line' id='line_1_27' title="bbox 324 3128 1418 3228; baseline 0 -28"><span class='ocrx_word' id='word_1_189' title='bbox 324 3128 414 3224; x_wconf 57' lang='lat' dir='ltr'>suis</span> <span class='ocrx_word' id='word_1_190' title='bbox 451 3139 488 3200; x_wconf 92' lang='lat' dir='ltr'>et</span> <span class='ocrx_word' id='word_1_191' title='bbox 516 3129 639 3201; x_wconf 85' lang='lat' dir='ltr'>abiit</span> <span class='ocrx_word' id='word_1_192' title='bbox 630 3154 667 3201; x_wconf 91' lang='grc' dir='ltr'>ιιι</span> <span class='ocrx_word' id='word_1_193' title='bbox 693 3129 965 3228; x_wconf 83' lang='lat' dir='ltr'>Semigalliam</span> <span class='ocrx_word' id='word_1_194' title='bbox 999 3142 1036 3204; x_wconf 90' lang='lat' dir='ltr'>et</span> <span class='ocrx_word' id='word_1_195' title='bbox 1063 3129 1245 3204; x_wconf 87' lang='lat' dir='ltr'>residens</span> <span class='ocrx_word' id='word_1_196' title='bbox 1258 3128 1418 3225; x_wconf 85' lang='lat' dir='ltr'>pacifice</span> 
     </span>
     <span class='ocr_line' id='line_1_28' title="bbox 322 3227 1418 3326; baseline 0 -28"><span class='ocrx_word' id='word_1_197' title='bbox 322 3227 425 3299; x_wconf 88' lang='lat' dir='ltr'>iuxta</span> <span class='ocrx_word' id='word_1_198' title='bbox 444 3239 609 3301; x_wconf 86' lang='lat' dir='ltr'>castrum</span> <span class='ocrx_word' id='word_1_199' title='bbox 628 3230 825 3326; x_wconf 77' lang='lat' dir='ltr'>Mesicthe‚</span> <span class='ocrx_word' id='word_1_200' title='bbox 852 3230 1074 3304; x_wconf 87' lang='lat' dir='ltr'>convocavit</span> <span class='ocrx_word' id='word_1_201' title='bbox 1098 3231 1144 3302; x_wconf 87' lang='lat' dir='ltr'>ad</span> <span class='ocrx_word' id='word_1_202' title='bbox 1171 3254 1212 3303; x_wconf 93' lang='lat' dir='ltr'>se</span> <span class='ocrx_word' id='word_1_203' title='bbox 1232 3227 1418 3326; x_wconf 78' lang='lat' dir='ltr'>Semigal-</span> 
     </span>
    </p>

    <p class='ocr_par' dir='ltr' id='par_1_8' title="bbox 322 3328 1418 3442">
     <span class='ocr_line' id='line_1_29' title="bbox 322 3328 1418 3442; baseline 0 -42"><span class='ocrx_word' id='word_1_204' title='bbox 322 3329 380 3400; x_wconf 85' lang='lat' dir='ltr'>los</span> <span class='ocrx_word' id='word_1_205' title='bbox 400 3328 566 3402; x_wconf 89' lang='lat' dir='ltr'>eiusdem</span> <span class='ocrx_word' id='word_1_206' title='bbox 586 3330 788 3426; x_wconf 82' lang='lat' dir='ltr'>provincie</span> <span class='ocrx_word' id='word_1_207' title='bbox 824 3330 908 3426; x_wconf 80' lang='lat' dir='ltr'>Qui,</span> <span class='ocrx_word' id='word_1_208' title='bbox 929 3331 1028 3403; x_wconf 89' lang='lat' dir='ltr'>sicut</span> <span class='ocrx_word' id='word_1_209' title='bbox 1043 3329 1309 3442; x_wconf 91' lang='lat' dir='ltr'>promiserant</span> <span class='ocrx_word' id='word_1_210' title='bbox 1327 3328 1418 3400; x_wconf 88' lang='lat' dir='ltr'>fide·</span> 
     </span>
    </p>

    <p class='ocr_par' dir='ltr' id='par_1_9' title="bbox 321 3428 1533 3930">
     <span class='ocr_line' id='line_1_30' title="bbox 321 3428 1416 3526; baseline 0.003 -28"><span class='ocrx_word' id='word_1_211' title='bbox 321 3428 407 3501; x_wconf 88' lang='lat' dir='ltr'>liter</span> <span class='ocrx_word' id='word_1_212' title='bbox 426 3430 654 3524; x_wconf 57' lang='lat' dir='ltr'>obedientes</span> <span class='ocrx_word' id='word_1_213' title='bbox 683 3442 939 3504; x_wconf 89' lang='lat' dir='ltr'>convenerunt</span> <span class='ocrx_word' id='word_1_214' title='bbox 962 3454 1115 3526; x_wconf 79' lang='lat' dir='ltr'>omneS,</span> <span class='ocrx_word' id='word_1_215' title='bbox 1136 3440 1173 3504; x_wconf 91' lang='lat' dir='ltr'>et</span> <span class='ocrx_word' id='word_1_216' title='bbox 1191 3429 1416 3526; x_wconf 85' lang='lat' dir='ltr'>recipientes</span> 
     </span>
     <span class='ocr_line' id='line_1_31' title="bbox 323 3529 1417 3628; baseline 0.003 -30"><span class='ocrx_word' id='word_1_217' title='bbox 323 3529 531 3602; x_wconf 87' lang='lat' dir='ltr'>doctrinam</span> <span class='ocrx_word' id='word_1_218' title='bbox 550 3531 832 3628; x_wconf 68' lang='lat' dir='ltr'>euangelicam,</span> <span class='ocrx_word' id='word_1_219' title='bbox 851 3531 1028 3628; x_wconf 87' lang='lat' dir='ltr'>baptizati</span> <span class='ocrx_word' id='word_1_220' title='bbox 1047 3541 1135 3604; x_wconf 92' lang='lat' dir='ltr'>sunt</span> <span class='ocrx_word' id='word_1_221' title='bbox 1151 3534 1319 3604; x_wconf 88' lang='lat' dir='ltr'>virorum</span> <span class='ocrx_word' id='word_1_222' title='bbox 1336 3529 1417 3601; x_wconf 86' lang='lat' dir='ltr'>fere</span> 
     </span>
     <span class='ocr_line' id='line_1_32' title="bbox 321 3629 1418 3744; baseline 0 -44"><span class='ocrx_word' id='word_1_223' title='bbox 321 3630 513 3726; x_wconf 70' lang='lat' dir='ltr'>uescenti,</span> <span class='ocrx_word' id='word_1_224' title='bbox 540 3631 706 3728; x_wconf 84' lang='lat' dir='ltr'>exceptis</span> <span class='ocrx_word' id='word_1_225' title='bbox 725 3629 942 3730; x_wconf 84' lang='lat' dir='ltr'>mulieribus</span> <span class='ocrx_word' id='word_1_226' title='bbox 967 3642 1004 3704; x_wconf 91' lang='lat' dir='ltr'>et</span> <span class='ocrx_word' id='word_1_227' title='bbox 1020 3629 1188 3744; x_wconf 87' lang='lat' dir='ltr'>parvulis</span> <span class='ocrx_word' id='word_1_228' title='bbox 1207 3654 1351 3724; x_wconf 66' lang='lat' dir='ltr'>eorum,</span> <span class='ocrx_word' id='word_1_229' title='bbox 1379 3640 1418 3701; x_wconf 90' lang='lat' dir='ltr'>et</span> 
     </span>
     <span class='ocr_line' id='line_1_33' title="bbox 321 3726 1533 3828; baseline 0 -28"><span class='ocrx_word' id='word_1_230' title='bbox 321 3729 462 3802; x_wconf 84' lang='lat' dir='ltr'>factum</span> <span class='ocrx_word' id='word_1_231' title='bbox 491 3741 550 3804; x_wconf 86' lang='lat' dir='ltr'>est</span> <span class='ocrx_word' id='word_1_232' title='bbox 575 3730 752 3828; x_wconf 83' lang='lat' dir='ltr'>gaudium</span> <span class='ocrx_word' id='word_1_233' title='bbox 785 3731 830 3804; x_wconf 92' lang='lat' dir='ltr'>de</span> <span class='ocrx_word' id='word_1_234' title='bbox 858 3726 1104 3805; x_wconf 87' lang='lat' dir='ltr'>conversione</span> <span class='ocrx_word' id='word_1_235' title='bbox 1131 3754 1275 3804; x_wconf 87' lang='lat' dir='ltr'>eorum</span> <span class='ocrx_word' id='word_1_236' title='bbox 1329 3729 1419 3800; x_wconf 88' lang='lat' dir='ltr'>Post</span> <span class='ocrx_word' id='word_1_237' title='bbox 1529 3769 1533 3786; x_wconf 65' lang='grc' dir='ltr'>ι</span> 
     </span>
     <span class='ocr_line' id='line_1_34' title="bbox 322 3829 1417 3930; baseline 0 -29"><span class='ocrx_word' id='word_1_238' title='bbox 322 3829 392 3902; x_wconf 88' lang='lat' dir='ltr'>hec</span> <span class='ocrx_word' id='word_1_239' title='bbox 420 3830 466 3902; x_wconf 88' lang='lat' dir='ltr'>ad</span> <span class='ocrx_word' id='word_1_240' title='bbox 492 3830 715 3929; x_wconf 89' lang='lat' dir='ltr'>petitionem</span> <span class='ocrx_word' id='word_1_241' title='bbox 741 3831 911 3928; x_wconf 91' lang='lat' dir='ltr'>ipsorum</span> <span class='ocrx_word' id='word_1_242' title='bbox 930 3831 1069 3904; x_wconf 88' lang='lat' dir='ltr'>locavit</span> <span class='ocrx_word' id='word_1_243' title='bbox 1086 3830 1288 3930; x_wconf 88' lang='lat' dir='ltr'>episcopus</span> <span class='ocrx_word' id='word_1_244' title='bbox 1316 3829 1417 3903; x_wconf 86' lang='lat' dir='ltr'>viros</span> 
     </span>
    </p>
   </div>
   <div class='ocr_carea' id='block_1_3' title="bbox 321 3975 1417 4231">
    <p class='ocr_par' dir='ltr' id='par_1_10' title="bbox 321 3975 1417 4231">
     <span class='ocr_line' id='line_1_35' title="bbox 321 3975 1417 4084; baseline 0.004 -22"><span class='ocrx_word' id='word_1_245' title='bbox 321 3975 366 4079; x_wconf 78' lang='grc'>85)</span> <span class='ocrx_word' id='word_1_246' title='bbox 392 4009 445 4064; x_wconf 88' lang='lat' dir='ltr'>Die</span> <span class='ocrx_word' id='word_1_247' title='bbox 465 4011 510 4064; x_wconf 81' lang='lat'>25.</span> <span class='ocrx_word' id='word_1_248' title='bbox 531 4013 632 4064; x_wconf 84' lang='lat' dir='ltr'>mensis</span> <span class='ocrx_word' id='word_1_249' title='bbox 657 4011 837 4084; x_wconf 50' lang='lat' dir='ltr'>Septembrst</span> <span class='ocrx_word' id='word_1_250' title='bbox 829 4032 882 4067; x_wconf 86' lang='lat' dir='ltr'>ram</span> <span class='ocrx_word' id='word_1_251' title='bbox 908 4015 936 4066; x_wconf 95' lang='lat' dir='ltr'>in</span> <span class='ocrx_word' id='word_1_252' title='bbox 961 4013 1065 4084; x_wconf 80' lang='lat' dir='ltr'>Alborg</span> <span class='ocrx_word' id='word_1_253' title='bbox 1090 4015 1237 4076; x_wconf 78' lang='lat' dir='ltr'>invenitur,</span> <span class='ocrx_word' id='word_1_254' title='bbox 1264 4013 1300 4066; x_wconf 81' lang='lat' dir='ltr'>cl.</span> <span class='ocrx_word' id='word_1_255' title='bbox 1320 4011 1417 4068; x_wconf 88' lang='lat' dir='ltr'>Haus-</span> 
     </span>
     <span class='ocr_line' id='line_1_36' title="bbox 325 4081 1417 4152; baseline 0.006 -18"><span class='ocrx_word' id='word_1_256' title='bbox 325 4100 415 4145; x_wconf 90' lang='lat' dir='ltr'>mann,</span> <span class='ocrx_word' id='word_1_257' title='bbox 435 4083 491 4135; x_wconf 87' lang='lat' dir='ltr'>Das</span> <span class='ocrx_word' id='word_1_258' title='bbox 510 4081 619 4152; x_wconf 81' lang='lat' dir='ltr'>Ringen</span> <span class='ocrx_word' id='word_1_259' title='bbox 639 4086 688 4138; x_wconf 87' lang='lat' dir='ltr'>der</span> <span class='ocrx_word' id='word_1_260' title='bbox 706 4084 864 4140; x_wconf 86' lang='lat' dir='ltr'>Deutschen</span> <span class='ocrx_word' id='word_1_261' title='bbox 890 4089 946 4140; x_wconf 90' lang='lat' dir='ltr'>und</span> <span class='ocrx_word' id='word_1_262' title='bbox 968 4086 1066 4141; x_wconf 75' lang='lat' dir='ltr'>aneu</span> <span class='ocrx_word' id='word_1_263' title='bbox 1092 4105 1138 4140; x_wconf 88' lang='lat' dir='ltr'>um</span> <span class='ocrx_word' id='word_1_264' title='bbox 1165 4088 1218 4140; x_wconf 88' lang='lat' dir='ltr'>den</span> <span class='ocrx_word' id='word_1_265' title='bbox 1238 4085 1328 4140; x_wconf 84' lang='lat' dir='ltr'>Besitz</span> <span class='ocrx_word' id='word_1_266' title='bbox 1348 4084 1417 4140; x_wconf 81' lang='lat' dir='ltr'>Eu-</span> 
     </span>
     <span class='ocr_line' id='line_1_37' title="bbox 326 4155 1112 4231; baseline 0.006 -23"><span class='ocrx_word' id='word_1_267' title='bbox 326 4156 411 4217; x_wconf 85' lang='lat' dir='ltr'>lands,</span> <span class='ocrx_word' id='word_1_268' title='bbox 431 4155 746 4228; x_wconf 76' lang='lat' dir='ltr'>teipzig1870‚p..20</span> <span class='ocrx_word' id='word_1_269' title='bbox 820 4159 865 4231; x_wconf 83' lang='grc'>86)</span> <span class='ocrx_word' id='word_1_270' title='bbox 886 4177 959 4212; x_wconf 88' lang='lat' dir='ltr'>nuuc</span> <span class='ocrx_word' id='word_1_271' title='bbox 977 4160 1112 4216; x_wconf 83' lang='lat' dir='ltr'>Mesaten</span> 
     </span>
    </p>
   </div>
   <div class='ocr_carea' id='block_1_4' title="bbox 0 0 1546 5018">
    <p class='ocr_par' dir='ltr' id='par_1_11' title="bbox 0 0 1546 5018">
     <span class='ocr_line' id='line_1_38' title="bbox 0 0 1546 5018; baseline 0 1"><span class='ocrx_word' id='word_1_272' title='bbox 0 0 1546 5018; x_wconf 95' lang='lat' dir='ltr'> </span> 
     </span>
    </p>
   </div>
  </div>
 </body>
</html>
