3016 5016
295 419 508 495 HElNlllCl
536 419 814 495 CHRONICON
840 420 1092 496 LYVONIAE.
1193 426 1238 499 51

129 633 236 718 tum,
267 631 442 722 preterea
472 646 617 722 regem,
647 621 755 720 quasi
787 622 978 696 dominum
1005 623 1065 698 vel
1092 633 1241 722 patrem

130 747 265 820 suum,
293 747 369 795 non
393 722 583 819 timentes,
613 747 702 797 ecce
729 723 852 796 subito
880 733 1122 798 accurrentes
1140 725 1239 798 servi

132 824 243 922 regis
271 834 309 900 et
336 847 469 896 omnes
486 823 565 896 viri
583 847 642 896 sur
633 823 809 922 gladios
832 834 872 899 et
889 847 995 897 arma
1013 823 1240 898 Theuthoni·

132 947 274 998 corum
292 923 482 1039 diripiunt
501 935 539 998 et
556 924 712 1038 plures
703 947 867 999 mermes
883 950 928 999 ex
947 924 1038 1024 ipsis
1052 925 1237 1022 etnudos

131 1034 286 1098 stantes
303 1024 341 1097 in
360 1025 537 1123 operibus
556 1024 648 1121 suis,
673 1023 913 1099 interficiunt
949 1025 997 1097 Et
1021 1024 1171 1122 quidam
1190 1050 1237 1100 ex
1314 1087 1316 1091 .

130 1124 231 1239 ipsis
258 1125 447 1224 fugientes
472 1135 583 1199 nocte
607 1149 651 1200 ac
680 1125 740 1200 die
752 1125 919 1240 Rigam,
953 1137 994 1199 ut
1020 1125 1236 1233 nuntiarent

132 1224 189 1298 ibi
216 1226 315 1323 quod
335 1236 461 1300 actum
482 1236 575 1340 erat,
594 1225 841 1340 perveniunt.
863 1224 1088 1300 Interfectis
1107 1235 1235 1300 autern

135 1325 271 1400 decem
300 1336 338 1401 et
363 1337 522 1441 septem
534 1325 635 1424 viris,
662 1338 740 1401 tres
769 1327 992 1441 perfugam
1020 1337 1233 1424 evaserunt

130 1450 300 1524 quorum
312 1450 485 1541 corpora
511 1425 549 1500 in
574 1426 723 1500 Dunam
742 1427 982 1527 proiecerunt
1007 1437 1045 1500 et
1062 1425 1233 1526 lligensi·

131 1529 207 1600 bus
226 1526 464 1602 remiserunt
502 1525 620 1600 Atilii
640 1527 863 1626 colligentes
887 1527 933 1602 de
955 1552 1052 1626 aqua
1072 1550 1232 1626 corpora
1284 1587 1286 1591 .

43 1707 46 1711 Α
130 1627 174 1700 in
193 1627 263 1702 Dei
281 1627 441 1702 servicio
467 1627 763 1726 interfecturum,
790 1629 924 1703 devote
952 1640 1098 1703 etcum
1123 1627 1232 1701 lacri-

43 1761 45 1765 ·
120 1728 209 1801 ‘mis
228 1728 471 1827 sepelierunt.
513 1729 602 1801 Post
624 1729 694 1803 hec
712 1753 778 1803 rex
796 1729 897 1803 idem
915 1751 1033 1827 equos
1052 1728 1231 1804 meliores

128 1829 482 1944 Theuthonicorum
501 1839 538 1903 et
556 1829 712 1902 balistas
727 1840 765 1904 et
783 1830 920 1902 loricas
941 1841 979 1904 et
991 1828 1128 1902 similia
1147 1829 1231 1902 mit-

131 1939 219 2004 tens
244 1928 338 2028 regi
343 1953 493 2044 magno
508 1929 791 2004 Woldemaroll
817 1941 926 2043 rugat
953 1940 990 2004 et
1016 1929 1161 2028 suadet,
1188 1939 1253 2030 uty

129 2041 343 2104 convocatu
371 2029 536 2105 exercitu
564 2030 787 2143 quantocius
812 2028 938 2105 veniat
956 2040 993 2104 et
1012 2029 1145 2129 Rigam
1169 2054 1229 2104 ca·

133 2129 224 2229 piat,
251 2129 290 2204 in
316 2155 389 2228 qua
413 2153 555 2230 paucos
581 2129 683 2204 viros
701 2131 932 2206 remansisse
951 2141 989 2205 et
1007 2132 1185 2205 meliores
1205 2155 1228 2204 a

126 2254 176 2305 se
203 2231 350 2304 occisos
375 2242 413 2306 et
438 2231 533 2305 alios
561 2256 647 2305 cum
675 2231 853 2346 episcopo
880 2231 1086 2308 recessisse
1113 2231 1228 2330 signi·

132 2330 233 2404 ficut.
277 2331 421 2420 Quibus
447 2330 594 2428 auditis,
621 2332 685 2406 ille
712 2332 868 2405 nimium
896 2333 1071 2406 credulus
1099 2334 1144 2404 ad
1164 2357 1226 2406 ex·

128 2431 363 2530 peditionem
395 2457 528 2508 omnes
555 2454 647 2506 suos
677 2432 821 2506 amicos
847 2443 885 2505 et
909 2432 1010 2506 viros
1033 2431 1141 2531 regni
1166 2432 1225 2504 sui

125 2543 326 2606 convocat.
364 2532 598 2632 Episcopus
589 2532 737 2606 interim
753 2532 790 2605 in
805 2532 1053 2614 Dunemunde
1071 2558 1091 2606 a
1110 2543 1222 2606 vento

127 2633 320 2707 contrario
341 2635 527 2729 detentus,
554 2633 706 2732 cognita
725 2656 880 2706 suorum
900 2632 1161 2707 interfectione
1187 2643 1226 2706 et

124 2733 292 2807 ecclesie
319 2758 387 2808 sue
410 2734 600 2809 intellecta
620 2733 831 2826 traditione,
850 2733 1071 2848 peregrinos
1091 2757 1224 2807 omnes

126 2833 167 2906 in
187 2859 304 2906 unum
322 2847 517 2932 convocat
491 2833 704 2909 tecclesie
729 2836 891 2934 dampna
914 2833 1181 2908 lacrimando
1171 2859 1225 2906 m·

125 2933 241 3031 dicat,
269 2945 307 3008 et
324 2945 366 3007 ut
383 2935 476 3008 liant
501 2934 661 3010 ecclesie
686 2935 905 3010 defensores
930 2945 967 3008 et
984 2936 1102 3009 fortes
1121 2934 1224 3007 auxi·

127 3034 269 3108 liarii
258 3058 362 3132 1psos
394 3035 537 3134 invitat,
575 3046 612 3110 et
637 3036 758 3110 crucis
789 3036 938 3134 signum
965 3059 1160 3110 resumere
1187 3045 1226 3110 et

128 3135 341 3233 plenariam
373 3148 460 3210 ante
491 3136 752 3235 neglectorum
780 3136 1002 3211 delictorum
1034 3135 1225 3209 remissiu-

25 3301 28 3308 ,
128 3257 217 3309 nem
232 3236 483 3310 ammonendo
504 3238 703 3350 confortat,
723 3248 761 3311 et
777 3239 824 3309 ob
839 3237 993 3310 maioris
1007 3237 1146 3309 laboris
1165 3236 1224 3310 sui
1309 3329 1312 3334 Ι

127 3336 283 3450 longam
300 3337 646 3453 peregrinationem
673 3337 856 3413 maiorem
882 3337 1161 3452 indulgenciam
1187 3347 1226 3411 et

126 3436 246 3510 vitam
273 3436 458 3536 promittit
481 3449 662 3512 eternam
712 3438 792 3510 Hiis
818 3437 973 3533 auditis
1000 3439 1223 3511 accedentes

128 3537 209 3612 lere
228 3537 386 3612 trec'enti
414 3539 459 3612 de
483 3537 715 3636 melioribus,
742 3549 935 3635 resumpta
959 3562 1071 3612 cruce
1089 3537 1224 3636 Rigam

128 3635 252 3712 redire
277 3649 315 3711 et
339 3663 489 3713 murum
516 3663 557 3713 se
581 3662 649 3738 pro
678 3639 790 3712 domo
810 3639 961 3712 Domini
987 3662 1129 3736 ponere
1147 3661 1223 3710 non

128 3737 344 3812 formidant.
389 3738 546 3838 Insuper
577 3749 615 3812 et
640 3740 780 3812 multos
808 3739 982 3814 mercede
1010 3739 1223 3832 conducens

127 3837 331 3952 episcopus
344 3837 479 3938 Rigam
495 3838 662 3915 remittit
698 3839 875 3914 Preterea
890 3862 1021 3913 omnes
1036 3838 1225 3912 Theutho·

136 3937 1223 4050 uiciundiqueperLyvoniamdispersicumaliisLyvonum

150 4136 173 4209 9)
192 4138 390 4194 Pleskoriensi.
