3104 5012
284 490 333 562 66
427 486 640 560 HElNlllCl
668 484 948 560 CHRONlCON
974 485 1226 560 LYVONlAE.

281 696 460 785 perpetua
491 686 691 760 donatione
723 691 890 775 conferre
919 687 1095 782 volueris,
1126 694 1169 759 ut
1196 711 1221 758 a
1250 693 1384 761 nostra

286 797 406 863 tamen
424 801 536 860 manu
560 792 691 862 iterum
714 791 883 883 recipias,
910 795 945 860 et
967 787 1155 861 nobiscum
1178 789 1255 882 iupi
1274 790 1384 882 pacis

287 891 543 976 conformitate
561 886 820 983 coupaudeas3
847 896 934 962 tunc
961 885 1109 961 tandem
1135 886 1199 961 tibi
1216 889 1384 982 repiaam

288 1014 370 1063 cum
395 989 561 1062 omuibus
587 991 741 1084 captiuis
767 992 997 1063 restituemus
1023 996 1059 1061 et
1074 987 1178 1078 fidele
1202 987 1383 1060 auniiium

288 1090 354 1164 tibi
380 1115 521 1185 semper
546 1089 802 1185 prestabimus.
856 1089 963 1162 Hanc
989 1089 1152 1161 formam
1179 1088 1284 1187 pacis
1315 1112 1383 1161 rex

287 1189 475 1288 accipiens
494 1189 681 1288 promittit
698 1214 740 1263 se
759 1189 937 1287 deinceps
959 1188 1119 1263 ecclesie
1138 1190 1246 1262 beate
1264 1187 1383 1262 Marie

287 1315 438 1388 semper
464 1313 548 1364 esse
576 1289 741 1385 fidelem,
769 1300 807 1363 et
832 1298 1068 1388 paganorunt
1087 1288 1246 1362 consilia
1262 1287 1383 1361 vitare

270 1400 326 1465 ‘et
348 1390 562 1463 christianis
578 1389 772 1463 vadherere
791 1389 1002 1484 confirmat,
1021 1399 1059 1462 et
1082 1412 1243 1487 regnum
1270 1412 1384 1460 suum

288 1490 411 1565 eidem
438 1488 598 1563 ecclesie
624 1490 841 1585 contemne,
876 1513 897 1562 a
929 1514 1044 1562 manu
1074 1489 1241 1588 episcopi
1268 1486 1382 1561 trium

287 1589 510 1664 vexillorum
530 1589 731 1685 sollempni
756 1589 997 1687 porrectione
1021 1587 1203 1687 recipitu,
1231 1598 1268 1663 et
1294 1612 1383 1662 eum

286 1691 324 1763 in
343 1699 489 1789 patrem
510 1689 655 1787 eligens
673 1689 798 1762 omnia
818 1690 1076 1764 Ruthenorum
1103 1714 1147 1762 ac
1168 1689 1383 1763 Lethonum

287 1789 446 1864 consilia
463 1790 563 1863 mala
583 1789 617 1863 ei
637 1789 813 1889 deinceps
832 1790 1002 1864 revelare
1021 1813 1062 1864 se
1081 1789 1178 1863 velle
1206 1787 1382 1862 affirmat.

288 1890 520 1988 Redditaque
547 1900 609 1964 est·
632 1890 665 1965 ei
691 1891 823 1989 regina
850 1914 935 1963 cum
964 1889 1120 1989 captivis
1148 1889 1244 1986 aliie,
1271 1900 1309 1963 et
1326 1914 1384 1962 re-

287 2014 420 2064 versus
439 2001 499 2063 est
515 1991 615 2064 letus
633 1991 824 2065 interram
841 2014 962 2087 suam,
982 2001 1020 2064 et
1034 1991 1249 2063 convocatis
1263 1989 1385 2062 homi-

288 2091 397 2164 nibus
416 2089 494 2163 suis
514 2089 577 2187 qui
601 2103 811 2186 evaserant,
839 2101 1004 2164 cestrum
1025 2114 1137 2164 suum
1163 2089 1383 2164 reedificare

289 2191 400 2288 cepit,
428 2200 467 2263 et
491 2214 566 2263 non
592 2190 716 2263 minus
744 2192 986 2289 postmodum
1004 2191 1218 2265 Lethonum
1235 2214 1277 2263 se
1296 2215 1384 2263 con·

290 2292 382 2365 siliis
401 2290 675 2386 intermiscens7
694 2291 878 2388 promisse
892 2289 1084 2364 fidelitatis
1099 2290 1249 2387 oblitae,
1263 2315 1384 2389 paga·

289 2415 359 2467 nos
385 2391 565 2464 adversus
583 2391 875 2490 TheuthonicoS‚
902 2391 965 2489 qui
984 2402 1092 2464 erant
1110 2392 1148 2463 in
1166 2391 1383 2487 Kukenoys,

291 2491 419 2593 sepius
438 2490 651 2564 concitavit.

230 2607 282 2693 (5.)
366 2592 455 2666 Post
472 2593 542 2666 hec
560 2591 666 2664 finita
685 2616 791 2690 pace,
819 2616 890 2688 que
908 2592 1009 2664 facta
1030 2602 1111 2665 erat
1130 2614 1216 2663 cum
1234 2591 1384 2690 Ungeu-
1492 2639 1494 2642 -
1533 2599 1535 2648 ἑ

291 2692 488 2788 mosibus,
524 2692 723 2766 Bertoldus
754 2691 937 2789 magister
963 2690 1103 2764 milicie
1133 2691 1170 2764 in
1202 2692 1384 2786 Wenden,

290 2803 424 2869 vocato
453 2792 497 2865 ad
528 2816 569 2865 se
592 2791 754 2864 Russino
779 2811 864 2864 cum
881 2790 1026 2865 Lethtis
1045 2791 1136 2889 suiS,
1168 2815 1328 2866 necnon
1347 2801 1386 2865 et

291 2894 375 2966 aliis
397 2892 542 2966 Lethtis
561 2893 607 2964 de
628 2891 764 2965 Autine
784 2901 926 2965 etcum
943 2891 1097 2965 Wendis
1125 2892 1216 2988 suiS,
1253 2891 1319 2964 ivit
1346 2891 1385 2964 in

290 2991 541 3091 Ungaunierm
561 3001 598 3064 et
616 2990 839 3065 invenerunt
857 2990 1030 3066 homines
1046 2993 1083 3064 in
1096 2991 1196 3066 villis
1211 2991 1301 3089 suiS,
1321 2991 1384 3090 qui

290 3093 457 3166 nondum
468 3091 513 3164 ad
526 3102 692 3164 castrum
707 3092 967 3191 confugerant,
982 3103 1020 3166 et
1030 3093 1273 3191 quamplures
1289 3092 1386 3165 occi·

293 3194 428 3266 derunt
452 3191 489 3263 in
515 3191 688 3265 omnibus
712 3191 810 3265 villis
837 3193 881 3265 ad
908 3217 1001 3290 quas
1024 3193 1152 3266 venire
1170 3203 1384 3292 potuerunt,
1424 3223 1426 3228 ·

294 3303 331 3369 et
355 3292 485 3365 multis
509 3292 716 3370 interfectis
736 3292 830 3364 alios
851 3293 1020 3390 captivos
1040 3294 1226 3367 duxerunt
1243 3304 1282 3368 et
1299 3317 1386 3391 spo-

291 3394 344 3466 lia
362 3393 481 3466 multa
499 3401 739 3490 acceperunt,
766 3403 804 3467 et
828 3392 1005 3468 mulieres
1033 3405 1070 3467 et
1087 3394 1234 3491 puellas
1254 3417 1386 3467 secum
1447 3477 1449 3482 ,

293 3495 492 3590 ducentes7
522 3492 633 3566 villas
663 3502 843 3589 tanquam
869 3494 1038 3567 desertas
1064 3494 1315 3593 reliquerunt,
1348 3505 1387 3568 et

297 3647 339 3717 14)
359 3647 393 3702 V.
414 3647 532 3700 chartam
551 3643 653 3700 Alberti
673 3647 744 3718 apud
763 3644 860 3716 Bunge
881 3647 897 3700 l.
916 3664 938 3701 c.
958 3645 1004 3701 Nr.
1027 3645 1069 3710 15,
1088 3665 1114 3718 p.
1133 3645 1178 3700 20.
1197 3645 1242 3709 21,
1268 3645 1315 3698 ubi
1341 3645 1386 3699 le-

296 3729 397 3791 guntur
415 3720 497 3774 haec:
524 3749 558 3759 —
586 3717 687 3774 deinde
702 3723 829 3786 praestito
847 3722 922 3774 notis
947 3722 1060 3774 taminia
1080 3726 1106 3774 et
1121 3719 1185 3786 fidei
1208 3723 1386 3788 sacramento,

294 3795 458 3863 praedictam
483 3793 575 3847 urbem
598 3790 624 3864 (i.
645 3808 669 3845 e.
689 3789 814 3862 Gerzilm)
841 3801 898 3846 cum
924 3798 997 3848 terro
1023 3797 1049 3846 et
1075 3794 1149 3847 ionis
1173 3792 1342 3846 attinentibus
1369 3809 1388 3845 a

295 3882 375 3920 manu
399 3869 493 3918 nostro
518 3866 687 3934 solempniter
711 3881 769 3919 cum
792 3866 875 3920 tatus
899 3867 1003 3920 accitas
1028 3869 1055 3917 in
1079 3862 1203 3932 beneficio
1221 3868 1330 3934 recepit.
1352 3894 1385 3904 -

295 3937 361 3992 Aeto
378 3942 440 3991 sunt
457 3937 523 3990 laec
542 3953 611 3992 anno
631 3939 778 3992 dominicae
795 3941 985 3993 incarnationis
1001 3935 1080 3992 1209.
1101 3940 1129 3990 in
1144 3940 1301 3990 caemeterio
1317 3937 1391 3993 oeaa

295 4011 369 4065 Petri
394 4012 422 4063 ia
450 4009 524 4080 ilipa,
552 4012 722 4079 praesidente
749 4012 910 4078 apostoticae
937 4012 996 4064 seii
1021 4025 1092 4079 popo
1118 4009 1272 4064 lnnocealio
1300 4014 1387 4079 tertio,

296 4088 424 4152 repnoate
439 4085 630 4152 pton'osisa'mo
654 4086 812 4152 imperatore
833 4082 932 4150 ottone,
957 4080 1123 4152 pontificatus
1141 4087 1228 4138 nostre¹
1244 4095 1314 4136 anno
1332 4097 1388 4137 un-

298 4158 406 4210 decimo.
436 4183 469 4194 -
499 4154 576 4209 llaec
601 4155 683 4225 igitur
704 4155 773 4208 lacta
798 4171 859 4209 esse
883 4164 945 4227 post
968 4152 1029 4211 Oct.
1048 4155 1074 4221 4,
1100 4157 1144 4209 die
1170 4172 1224 4228 quo
1250 4151 1314 4209 Otto
1339 4154 1388 4210 lv.

296 4230 442 4300 imperator
459 4237 602 4282 coronatus
621 4237 670 4291 est,
690 4228 787 4282 elucet.
