3104 5012
296 477 345 550 90
439 469 650 545 HlllNRlCl
679 467 955 544 CHRONICON
982 468 1239 544 LYVONIAE.

295 672 438 771 populi,
465 671 646 769 incipiens
665 695 686 744 a
704 670 912 767 Thur-effla,
932 670 995 743 ubi
1013 672 1199 745 cadavera
1226 695 1401 772 pagano·

296 797 381 845 rum
398 772 571 846 iacebant
588 771 794 864 inhumata,
814 769 989 866 usquein
1008 772 1258 870 Methsepole,
1283 782 1321 846 et
1340 773 1400 847 sic

297 873 335 945 in
352 872 562 946 Ydumeam
581 895 700 968 usque
719 870 765 942 ad
783 869 911 943 Lettos
931 882 968 944 et
985 872 1168 968 Wenden,
1196 882 1235 947 et
1252 873 1398 946 mortui

297 982 384 1045 sunt
400 971 582 1068 seniores,
601 969 665 1068 qui
683 969 903 1044 dicebantur
919 970 1104 1046 Dabrelus
1123 985 1162 1046 et
1178 972 1338 1069 Ninnus,
1357 983 1402 1046 et

297 1071 361 1146 alii
380 1072 498 1146 multi.
535 1069 717 1144 Similiter
734 1071 771 1142 in
790 1070 950 1144 Saccala
968 1081 1007 1144 et
1023 1072 1198 1168 Ugaunia
1215 1074 1318 1147 facta
1337 1084 1401 1149 est

295 1173 410 1272 plaga
433 1171 567 1245 mortis
594 1194 731 1270 magne
757 1181 795 1244 et
821 1171 858 1242 in
878 1171 960 1244 aliis
978 1171 1150 1245 terminis
1169 1173 1338 1270 Emonia,
1358 1184 1402 1247 et

296 1273 417 1369 multi⁷
441 1271 504 1370 qui
522 1271 734 1370 gladiorum
751 1269 1037 1367 percussionem
1055 1271 1245 1372 fugientes
1265 1266 1401 1348 evasess

296 1384 396 1469 runt,
423 1395 551 1445 amare
575 1371 706 1446 mortis
733 1381 880 1469 pestem
904 1373 1063 1446 evadere
1081 1398 1158 1446 non
1176 1383 1397 1471 potuerunt.

295 1473 392 1546 betti
412 1482 538 1546 autem
552 1472 810 1545 Bevernenses
828 1472 966 1546 iterum
981 1483 1113 1547 euntes
1129 1473 1166 1546 in
1180 1474 1400 1572 Ugauniam

296 1597 384 1646 cum
395 1573 539 1670 paucis,
558 1571 720 1645 Estones
733 1595 800 1668 pro
813 1571 1036 1645 victualibus
1052 1575 1098 1646 ad
1111 1574 1221 1648 villas
1235 1575 1400 1648 redeun-

297 1683 353 1746 tes
373 1672 749 1769 comprehenderunt‚
768 1672 941 1770 quicquid
959 1673 1160 1747 masculini
1179 1689 1294 1748 sexus
1314 1685 1400 1749 erat

297 1773 533 1868 oeciderunt,
572 1772 791 1846 mulieribus
820 1784 1074 1870 pepercerunt
1104 1785 1142 1847 et
1172 1798 1305 1849 secum
1334 1775 1398 1849 de·

296 1880 494 1974 duxerunt,
521 1874 642 1975 spolia
669 1873 788 1946 multa
805 1873 1000 1947 tulerunt.¹
1020 1874 1067 1946 Et
1084 1874 1187 1948 domi
1205 1875 1400 1949 redeunti·

295 1983 364 2054 bus
382 2004 451 2076 per
468 1977 568 2051 viam
588 1975 651 2048 alii
667 1972 766 2047 Letti
784 1984 1029 2047 occurrerunt
1055 1975 1195 2048 iterum
1212 1975 1251 2046 in
1268 1975 1399 2074 Ugau-

296 2081 399 2155 niam
417 2087 567 2172 euntes3
594 2074 691 2172 quod
710 2072 764 2146 illi
777 2073 1010 2171 reliquerunt
1028 2074 1089 2147 isti
1108 2075 1265 2170 tollunt3
1292 2077 1396 2172 quod
1514 2091 1516 2104 ¹
1545 2047 1547 2074 ²

296 2181 351 2253 illi
369 2178 617 2277 neglexerunt
634 2175 697 2247 isti
709 2184 935 2270 restaurant⁷
955 2173 1017 2272 qui
1037 2178 1082 2247 ab
1101 2174 1177 2248 illis
1191 2185 1398 2250 evaserunt

297 2285 343 2355 ab
362 2280 445 2352 istis
464 2277 696 2373 occiduntur⁷
724 2274 769 2346 ad
795 2273 1008 2372 provincias
1027 2285 1066 2348 et
1082 2275 1204 2371 villaS,
1233 2276 1279 2348 ad
1300 2300 1395 2373 quas

295 2381 350 2454 illi
368 2404 443 2454 non
461 2382 725 2477 pervenerunt,
748 2373 810 2446 isti
833 2377 1124 2472 subsequuntur,
1145 2385 1183 2448 et
1200 2375 1394 2474 rapientes

297 2482 418 2580 spolia
436 2480 557 2553 multa
582 2487 620 2552 et
647 2473 814 2573 captivos
839 2485 1089 2548 revertuntur.
1132 2474 1178 2548 Et
1203 2486 1398 2550 reverten-

297 2584 397 2655 tibus
423 2580 498 2653 illis
523 2603 591 2677 per
615 2576 716 2650 viam
743 2577 880 2648 iterum
907 2574 970 2646 alii
995 2575 1093 2649 Letti
1113 2587 1330 2671 occurrunt,
1358 2587 1397 2650 ct

299 2693 431 2758 euntes
463 2681 501 2752 in
531 2676 762 2775 Ugauniam‚
802 2674 978 2771 quidquid
1010 2675 1243 2773 aptioribus
1268 2677 1395 2750 minus

297 2785 409 2882 pleno
425 2791 552 2853 actum
571 2787 641 2873 est,
660 2778 705 2850 ab
720 2775 792 2846 hiis
806 2775 1042 2872 integraliter
1056 2777 1265 2874 suppletur.
1297 2778 1395 2850 Nam

297 2885 400 2958 viros
419 2903 564 2974 omnes,
584 2900 678 2975 quos
693 2875 1025 2975 comprehendunt,
1045 2874 1287 2974 interficiunt,
1307 2877 1397 2953 divi·

296 2985 397 3056 tibus
417 2992 455 3056 et
473 2978 683 3054 senioribus
708 3000 784 3048 non
811 2985 982 3074 parcunt,
1010 2977 1076 3050 sed
1104 3000 1237 3051 omnes
1263 2977 1301 3050 in
1329 3002 1395 3051 ore

299 3081 414 3183 gladii
432 3081 720 3176 condempnant.
755 3076 939 3149 Russinus
957 3087 1085 3150 autem
1103 3076 1201 3150 sicut
1220 3087 1257 3151 et
1275 3078 1339 3150 alii
1357 3078 1395 3151 in

224 3237 226 3242 .
299 3183 480 3257 ultionem
508 3179 716 3251 amicorum
741 3200 909 3273 suorum,
937 3200 1084 3275 omnes,
1112 3201 1205 3274 quos
1224 3202 1395 3275 compre-

299 3282 439 3378 hendit,
466 3269 562 3354 alios
585 3277 690 3352 vivos
716 3277 868 3374 assavit,
896 3276 991 3349 alios
1017 3277 1091 3351 alia
1110 3277 1252 3351 crudeli
1271 3287 1395 3352 morte

299 3381 497 3458 interfecit.
550 3377 808 3453 Redeuntibus.
828 3402 977 3475 quoque
1001 3377 1077 3451 illis
1104 3377 1142 3448 in
1168 3387 1292 3451 castra
1311 3402 1394 3474 sua,

298 3486 436 3560 iterum
461 3481 523 3556 alii
546 3478 645 3554 Letti
663 3479 709 3552 de
726 3478 898 3574 Beverin,
924 3488 1125 3576 surgentes
1151 3502 1237 3551 curn
1262 3479 1395 3577 paucis

301 3597 339 3661 et
363 3591 602 3659 transeuntes
626 3604 695 3678 per
718 3602 872 3653 nemora
898 3577 936 3651 in
963 3577 1281 3652 Saeculanensem
1310 3604 1397 3678 pro-

299 3687 475 3780 vinciam,
502 3708 574 3782 que
591 3679 747 3754 Aliste³⁷
765 3688 933 3776 vocatur,
953 3688 990 3752 et
1007 3678 1241 3753 invenientes
1261 3681 1396 3753 omnes

299 3789 338 3861 in
353 3786 524 3860 domibus
539 3782 629 3879 suis,
647 3788 916 3881 percusserunt
929 3803 995 3853 eos
1014 3804 1036 3852 a
1053 3805 1193 3880 magno
1208 3779 1397 3878 usquead

300 3889 499 3982 minorem,
527 3894 564 3958 et
589 3880 857 3955 interficientes
880 3879 1020 3953 multos
1047 3881 1186 3977 exeis,
1213 3881 1396 3955 mulieres

302 4000 339 4064 et
366 4012 486 4086 equos
508 3995 546 4060 et
569 4006 708 4080 pecora
732 3980 897 4056 tulerunt
921 3990 959 4054 et
984 3981 1082 4056 inter
1106 4006 1147 4056 se
1174 4005 1263 4054 cum
1292 3979 1396 4054 omni

302 4190 347 4262 ³7)
367 4189 449 4244 hodie
468 4185 576 4242 Hallist.
