3104 5012
330 422 403 492 110
474 415 689 491 uurumcr
715 366 993 491 canonicor
1018 413 1270 501 urvonmu.

328 628 413 693 rent
430 617 658 692 defensione.
695 617 741 688 Et
759 615 902 715 recepit
919 640 986 690 eos
1005 615 1207 716 episcopus
1227 640 1314 729 cum
1333 642 1431 715 gau·

329 718 403 816 dio,
429 717 625 791 remittens
652 741 739 790 cum
765 716 822 790 eis
846 716 1083 790 sacerdotem
1102 741 1226 814 suum⁷
1253 741 1315 813 qur
1345 727 1430 790 erat
1534 721 1536 786 ἰ

329 843 447 917 prope
460 817 651 914 Ymeram,
670 817 733 913 qui
752 815 806 890 eis
821 815 908 892 fider
923 828 1161 890 sacramenta
1174 817 1426 890 ministrando
1534 851 1536 862 ι

331 917 525 1016 discipline
544 916 746 991 christiane
764 918 870 990 daret
887 916 1008 990 inicia.

269 1029 318 1116 (l.)
404 1017 541 1092 Milites
559 1017 703 1091 interea
722 1018 768 1092 de
786 1017 1002 1112 Kukenoys,
1027 1017 1265 1112 Meynardus
1293 1013 1428 1088 lohan·
1534 1043 1535 1046 ¹

331 1141 411 1214 nes,
438 1119 618 1192 lordanus
645 1141 730 1190 cum
760 1116 856 1212 aliis,
882 1118 1098 1191 incusantes
1125 1117 1426 1212 Wyssewaldum

330 1242 461 1315 regem
485 1218 531 1290 de
550 1217 711 1291 Gercilre
738 1241 782 1290 eo
803 1218 900 1313 quod
929 1243 1003 1290 non
1022 1216 1166 1290 veniret
1185 1217 1230 1288 ad
1256 1215 1428 1314 episcopi

330 1317 448 1416 patris
467 1317 524 1390 sui
542 1316 777 1416 presenciam
797 1317 871 1389 iam
889 1317 1059 1414 pluribus
1089 1317 1195 1388 annis
1221 1326 1427 1413 postquam

331 1441 490 1514 regnum
510 1441 618 1490 suum
634 1420 680 1489 ab
695 1442 739 1492 eo
753 1417 907 1516 recepit,
925 1418 991 1490 sed
1005 1416 1209 1490 Letonibus
1224 1416 1428 1488 consilium

333 1528 370 1590 et
401 1517 581 1590 auxilium
610 1517 712 1588 omni
746 1527 918 1615 tempore
949 1519 1132 1614 preberet.
1186 1517 1234 1588 Et
1264 1516 1427 1590 citantes

333 1618 483 1691 eumad
503 1616 799 1691 satisfactionem
817 1617 943 1715 sepius
957 1616 1173 1690 invitabant.
1211 1617 1319 1704 Quod
1339 1639 1429 1689 con·

331 1727 530 1814 tempnens
554 1716 617 1790 ille
641 1736 715 1790 non
737 1717 852 1813 venit,
877 1741 1000 1814 neque
1025 1716 1286 1815 responsalem
1310 1717 1427 1788 misit.
1534 1729 1536 1736 ⁴

331 1819 380 1890 At
397 1816 464 1912 illi,
482 1816 661 1913 requisito
681 1817 784 1916 prius
803 1817 967 1916 episcopi
986 1841 1187 1914 consensu,
1206 1817 1320 1889 simul
1338 1840 1427 1889 cum
1535 1887 1536 1890 ,

212 1985 216 2001 ,
333 1917 451 1991 servis
463 1917 541 1989 suis
556 1917 720 1992 etLettis
730 1928 986 1992 convenerunt
1000 1928 1037 1992 et
1047 1919 1296 1991 ascenderunt
1306 1940 1428 2014 prope

332 2018 481 2093 Dunam
507 2041 593 2090 eum
620 2019 738 2090 servis
766 2018 950 2090 omnibus
1003 2019 1049 2089 Et
1077 2021 1429 2116 appropinquantes

332 2127 456 2190 castro
477 2117 648 2214 Gercike,
668 2118 854 2214 quendam
873 2143 919 2192 ex
933 2117 1114 2191 Ruthenis
1133 2117 1429 2213 comprehende·

332 2227 431 2312 runt,
458 2241 571 2313 quem
596 2217 758 2315 ligantes
785 2228 979 2292 traxerunt
1001 2242 1131 2292 secum
1156 2228 1266 2291 nocte
1293 2218 1340 2290 ad
1366 2241 1429 2290 ca·

332 2327 463 2389 strum.
517 2315 590 2404 Qui
621 2320 878 2413 conscendens
909 2320 1052 2416 primus
1083 2319 1287 2412 fossatum,
1327 2316 1429 2390 sicut

331 2419 457 2489 iussus
487 2417 621 2511 suerat,
655 2443 740 2491 cum
766 2418 881 2516 vigile
906 2419 1147 2515 loquebatur,
1181 2417 1428 2514 sequentibus

333 2516 415 2590 aliis
442 2516 671 2616 singillatim.
725 2519 772 2590 Et
797 2521 954 2616 putabat
978 2519 1069 2617 vigil
1096 2542 1186 2594 suos
1202 2519 1327 2615 cirea,
1360 2517 1428 2614 qui

333 2620 505 2690 absentes
524 2619 685 2715 fuerant,
712 2619 898 2693 advenire.
940 2619 987 2691 Et
1005 2621 1254 2693 ascenderunt
1272 2618 1429 2716 singuli,

331 2717 450 2791 donec
467 2719 619 2792 tandem
633 2743 765 2792 omnes
784 2743 911 2792 arcem
926 2719 1143 2792 munitionis
1157 2729 1340 2794 tenerent.
1378 2718 1428 2790 Et

330 2828 607 2916 congregantes
631 2843 682 2914 se
700 2817 812 2891 simul
837 2844 981 2915 omnes
1009 2831 1175 2892 castrum
1198 2820 1236 2891 in
1264 2818 1428 2892 circuitu

278 2936 281 2943 ’
330 2917 549 2990 munitionis
577 2919 855 3015 custodiebanta
885 2929 923 2994 et
946 2920 1137 2993 neminem
1162 2919 1427 2992 Ruthenorum

331 3018 376 3090 de
395 3027 518 3090 castro
537 3018 639 3092 exire
655 3019 935 3117 permittebant,
955 3021 1073 3094 donec
1091 3021 1216 3092 lucem
1233 3020 1305 3093 diei
1324 3019 1428 3092 vide·

330 3127 423 3192 rent.
477 3117 523 3191 Et
554 3120 653 3192 facta
683 3120 768 3192 luce
799 3122 1073 3194 descenderunt
1098 3120 1137 3192 in
1165 3131 1350 3216 castrum,
1387 3129 1426 3192 et

331 3227 538 3314 rapuerunt
562 3217 707 3317 omnia,
743 3245 815 3316 que
844 3230 951 3294 erant
980 3221 1138 3317 ibidem,
1175 3231 1212 3294 et
1244 3229 1426 3318 ceperunt

331 3318 483 3413 multoe,
503 3328 541 3392 et
558 3318 653 3392 alios
667 3344 736 3418 per
748 3322 882 3418 fugam
892 3321 1057 3394 evadere
1076 3321 1339 3420 permiserunt.
1377 3319 1426 3391 Et

330 3417 507 3492 tollentes
534 3419 655 3517 spolia
681 3421 811 3515 multa,
843 3433 1043 3518 castroque
1069 3421 1248 3507 derel-icto
1280 3419 1427 3494 reversi
1535 3509 1536 3512 Ἴ

330 3529 418 3592 sunt
437 3521 481 3598 ad
500 3520 663 3620 propria,
683 3521 889 3595 dividentes
907 3521 1004 3596 inter
1023 3545 1064 3594 se
1084 3521 1223 3619 omnia,
1242 3519 1315 3619 que
1329 3529 1427 3593 attu-

329 3619 464 3698 lerunt.

269 3732 320 3816 (5.)
387 3719 562 3794 ¹Tercius
589 3745 708 3794 annus
734 3732 817 3796 erat
842 3732 880 3798 et
897 3746 971 3820 pax
990 3747 1075 3795 cum
1104 3721 1307 3796 Estonibus
1325 3723 1427 3794 facta

330 3818 443 3893 finem
464 3820 620 3920 accepit.
655 3821 704 3895 Et
718 3823 933 3897 convocatis
948 3823 1149 3922 episcopus
1164 3821 1424 3911 sacerdotibus

332 3920 518 4017 omnibuS,
546 3932 584 3995 et
600 3921 728 3994 habito
748 3923 913 4020 capitulo
934 3935 971 3998 et
989 3924 1146 3998 consilio
1175 3948 1261 3997 cum
1281 3923 1348 4020 eia,
1375 3923 1423 3995 si·

328 4020 408 4090 mul
427 4030 464 4092 et
488 4020 668 4094 militibus
688 4033 727 4096 et
743 4024 953 4096 senioribus
972 4023 1168 4120 byvonum
1192 4023 1422 4120 convocatis,

327 4117 545 4194 deliberavit
569 4121 615 4195 de
634 4123 869 4221 expeditione
894 4123 1066 4200 facienda
1082 4125 1121 4196 in
1140 4124 1349 4222 Estoniam‚
1376 4145 1421 4197 eo
