3084 5018
228 460 244 516 ’-
313 477 386 560 208
456 469 671 554 nernntcr
698 465 976 552 cunomcon
1003 467 1257 550 tvvonnu.

253 702 303 787 (3,)
388 682 474 782 lpse
492 705 581 756 vero
601 679 701 754 circa
728 679 873 753 noviter
890 702 1095 752 conversos
1114 663 1312 773 sollicitus,
1340 677 1413 773 Ly*-

313 806 430 858 vones
456 793 493 856 et
520 783 628 879 alios,
656 781 718 878 qui
738 790 845 854 erant
863 780 900 853 in
920 779 1083 874 civitate,
1099 779 1202 854 viros
1221 790 1259 853 et
1276 776 1412 851 mulie-

312 907 374 958 res
388 907 479 982 sepe
493 883 749 978 convocando,
766 883 922 956 verbum
939 881 1006 956 Dei
1021 881 1153 956 sedulo
1169 877 1409 975 ministravit,

314 995 353 1058 et
376 983 629 1083 indulgentias
653 984 793 1056 multas
818 1007 905 1056 cum
933 981 1072 1081 gaudio
1103 980 1265 1056 donavit.
1319 980 1410 1054 Post

314 1087 387 1158 hoc
399 1086 572 1181 Lyvones
588 1095 626 1158 et
640 1083 747 1176 alios,
767 1093 805 1158 et
818 1083 1024 1158 Letthones
1039 1093 1078 1158 et
1091 1082 1266 1179 Estones,
1279 1081 1408 1156 videre

313 1185 545 1282 desiderans,
564 1183 654 1258 abiit
672 1184 709 1256 in
722 1184 962 1281 Thoreidam,
982 1194 1020 1258 et
1036 1183 1108 1256 fuit
1126 1208 1213 1257 curn
1232 1207 1277 1257 eo
1298 1207 1411 1256 vene·
1525 1227 1527 1272 3

313 1286 442 1359 rabilis
455 1285 629 1385 Rigensis
648 1284 847 1386 episcopus
866 1295 905 1359 et
917 1281 1105 1359 lohannes
1120 1284 1281 1360 ecclesie
1298 1285 1409 1357 beate
1525 1359 1527 1370 ,

313 1387 430 1462 llla'rie
454 1385 683 1486 prepositus,
709 1395 745 1458 et
770 1385 833 1457 alii
858 1409 972 1483 quarn
1024 1386 1126 1460 lures
1150 1385 1342 1484 sapientes
1370 1395 1409 1456 et

314 1489 465 1562 discreti
483 1487 564 1560 viri,
607 1486 654 1558 Et
680 1486 801 1584 primo
820 1485 977 1560 venitin
996 1411 1222 1581 llubbesele,
1249 1484 1409 1581 Lyvoui-

314 1592 383 1660 bus
402 1587 538 1660 ibidem
558 1586 758 1660 missarum
777 1586 972 1660 celebrans
987 1587 1210 1685 solempnia,
1236 1587 1409 1659 verbum·
1525 1627 1527 1668 i

314 1713 387 1786 que
413 1687 546 1760 salutis
564 1686 804 1786 predicando,
831 1697 956 1764 uteos
975 1687 1012 1759 in
1036 1687 1110 1761 lide
1129 1686 1315 1760 catholica
1333 1687 1410 1758 lor··

313 1789 485 1862 tilicaret.
533 1790 587 1862 Ac
613 1786 747 1862 deinde
773 1789 809 1861 in
835 1786 1023 1861 Vitisele·⁴¹
1051 1799 1090 1861 et
1114 1788 1152 1860 in
1176 1787 1408 1885 Letthegore
1514 1789 1527 1834 *³

313 1891 413 1964 idem
430 1889 601 1963 faciebat.
638 1887 686 1960 Et
703 1901 835 1988 postea
855 1889 892 1960 in
906 1889 1115 1987 Metsepole
1129 1899 1167 1962 et
1184 1888 1222 1960 in
1235 1889 1408 1962 Ydumea
1521 1939 1527 1974 ,

314 1991 406 2065 etin
425 1989 573 2064 Letthia
588 1988 763 2062 similiter
779 1990 965 2085 faciendo,
992 2014 1122 2064 semen
1141 1988 1407 2087 euangelicum
1525 1991 1527 2048 ἒ

314 2091 458 2164 cunctis
476 2088 689 2186 seminavit,
713 2090 954 2188 fructumque
979 2092 1119 2164 bonum
1137 2090 1280 2164 referre
1298 2091 1410 2164 dooe-
1524 2107 1527 2154 ³

314 2194 390 2288 bat,
420 2189 611 2286 iidemque
636 2189 883 2265 christianam
911 2190 965 2264 eis
992 2191 1193 2289 diligenter
1218 2189 1407 2264 enodavit.

314 2291 362 2364 Et
391 2299 480 2364 tunc
509 2291 696 2390 processit
723 2291 761 2364 in
792 2291 1022 2391 Ugauniam,
1052 2292 1179 2390 ibique
1203 2291 1407 2366 ecclesiam
1525 2305 1527 2366 ῑ

210 2435 212 2440 .
314 2391 481 2466 fidelium
498 2403 578 2466 tam
595 2391 941 2466 Theuthonicorum
960 2417 1074 2490 quam
1093 2404 1132 2467 et
1147 2392 1343 2487 Estonum,
1369 2403 1408 2468 ct
1525 2421 1527 2486 3

314 2595 455 2668 invenit
484 2604 523 2668 et
551 2593 711 2668 firmiter
740 2594 968 2693 edificatum,
1001 2604 1039 2670 et
1064 2594 1253 2669 benedixit
1277 2593 1407 2668 Domi·

314 2719 417 2793 num,
444 2719 489 2770 eo
508 2697 607 2793 quod
626 2705 664 2768 et
681 2694 718 2768 in
736 2695 891 2770 Estonia
909 2707 1135 2771 conventum
1157 2695 1299 2770 invenit
1316 2693 1407 2767 lide-
1525 2717 1527 2790 g

312 2795 417 2870 lium.
465 2797 511 2870 Et
537 2795 698 2870 Estones
719 2794 943 2870 'instruendo
970 2795 1109 2872 infide
1136 2798 1221 2872 lesu
1253 2795 1405 2892 Christi,

312 2895 666 2994 Theuthonicosque
691 2895 853 2972 fideliter
876 2897 1126 2995 exhortando,
1153 2897 1405 2971 commonitos

311 2997 486 3094 habebat,
506 2997 687 3093 quatinus
711 2997 872 3096 henigne
890 3010 1182 3097 commoranteS,
1208 3000 1311 3072 mala
1329 3022 1405 3070 non
1525 3015 1527 3020 ’

312 3095 540 3196 suscitarent
558 3097 603 3167 ad
616 3096 796 3194 invicem,
822 3123 892 3172 nec
906 3099 1154 3173 Theuthonici
1172 3099 1405 3198 gravaminis
1526 3115 1527 3118 ’

313 3195 470 3269 alicuius
501 3196 632 3294 iugum
655 3196 893 3295 importabile
924 3201 1201 3298 neophytorum
1232 3199 1403 3274 humeris

196 3388 203 3400 ι
225 3328 231 3342 ·
311 3296 560 3396 imponerent,
588 3298 653 3374 sed
672 3297 801 3398 iugum
818 3299 968 3374 Domini
987 3300 1070 3374 leve
1088 3326 1133 3375 ac
1151 3325 1280 3398 suave,
1298 3301 1405 3374 fidei·

311 3423 384 3494 que
397 3421 550 3498 semper
562 3399 742 3475 docerent
754 3410 1003 3475 sacramenta.
1034 3400 1082 3474 Et
1095 3403 1321 3480 benedicens
1335 3402 1403 3498 eie,

173 3517 177 3520 ·
309 3500 502 3597 profectus
526 3509 584 3572 est
609 3499 646 3572 in
672 3499 885 3598 Sackalam,
913 3501 974 3575 ubi
1003 3501 1040 3574 in
1065 3503 1185 3601 prima
1207 3501 1403 3601 parochia,

308 3625 423 3696 quarn
447 3599 588 3674 invenit
611 3601 709 3699 apud
734 3611 911 3701 stagnum
937 3603 1221 3702 Worcegerwe,
1254 3603 1403 3676 noviter

308 3723 512 3775 conversos
540 3699 700 3774 Estones
725 3702 968 3776 devotissime
992 3703 1160 3777 docendo
1186 3727 1402 3777 commone-
1475 3725 1479 3732 ’

306 3801 387 3896 bat,
421 3826 468 3874 ne
493 3825 659 3897 unquam
683 3825 703 3874 a
730 3802 814 3876 fide·
831 3803 970 3876 domini
999 3805 1117 3876 nostri
1143 3805 1228 3878 lesu
1258 3803 1402 3876 Christi

307 3899 551 3975 discederent.
587 3899 633 3990 Et
646 3902 731 3976 inde
743 3904 972 4000 procedebat
988 3903 1025 3976 in
1040 3917 1206 3979 castrum
1218 3904 1402 3998 Viliende,

305 4001 404 4097 quod
437 4014 494 4076 est
525 4003 683 4082 fratrum
715 4004 864 4102 militie,
896 4005 994 4101 quod
1030 4015 1068 4078 et
1102 4005 1172 4105 ipsi
1205 4006 1279 4078 iarn
1309 4015 1400 4078 tunc

303 4161 354 4269 41)Δ
369 4197 441 4256 ldsol
460 4203 621 4274 praedium?
