3016 5016
280 527 329 598 44
371 559 374 564 -
423 521 639 600 nurumcr
662 487 1222 600 onnouiccuurvounu

279 735 407 825 partes
434 748 523 798 suas
548 723 723 820 mittens,
749 725 926 800 fratribus
958 725 1098 800 milicie
1127 735 1256 826 partes
1288 749 1377 800 suas

279 827 536 924 procurandas
567 825 731 924 reliquit.
784 825 922 900 Missus
954 836 1014 901 est
1044 826 1166 902 eciam
1198 850 1243 901 eo
1277 850 1376 900 anno

280 924 483 1028 Godfridus
507 925 659 1024 quidam
717 919 913 1027 eregrinus
939 926 1049 1003 miles
1081 927 1120 1001 in
1149 927 1376 1002 Thoreidam

280 1030 325 1100 ad
345 1027 623 1125 procurandum
641 1052 663 1100 o
707 1026 808 1101 cium
823 1028 1024 1104 advocacie
1043 1028 1082 1101 in
1100 1027 1181 1102 iure
1201 1027 1374 1102 seculari.

279 1127 350 1215 Qui
370 1127 594 1202 circueundo
613 1128 845 1227 parrochias,
865 1153 999 1204 causas
1019 1139 1056 1204 et
1073 1128 1160 1204 lites
1177 1127 1376 1202 hominum

279 1228 533 1305 determinans
559 1229 759 1328 pecuniam
787 1239 825 1304 et
849 1254 1008 1305 munera
1027 1227 1181 1330 collegit
1197 1229 1374 1328 plurima,

278 1342 316 1407 et
348 1328 538 1405 modicum
570 1329 734 1404 afferens
762 1330 940 1430 episcopo
967 1330 1038 1404 sibi
1071 1331 1180 1430 plura
1209 1330 1374 1404 retinuit.

278 1432 383 1507 Unde
402 1430 573 1504 dolentes
592 1429 743 1527 quidam
762 1430 824 1504 alii
844 1431 1034 1532 peregrini
1054 1432 1245 1506 confracta
1266 1431 1375 1506 cista·

279 1558 351 1630 que
377 1531 470 1628 eius,
498 1531 630 1605 decem
657 1539 695 1604 et
713 1555 850 1606 novem
869 1555 1017 1606 marcas
1036 1531 1182 1633 argenti
1202 1532 1373 1606 debonis

278 1631 414 1706 furtive
438 1631 608 1705 collectis
635 1630 870 1730 invenerunt,
899 1633 1066 1733 exceptis
1093 1632 1176 1708 aliis
1201 1632 1373 1733 plurimis

277 1735 354 1807 iam
373 1736 418 1806 ab
438 1756 482 1807 eo
501 1731 692 1830 dispersis.
729 1731 777 1807 Et
802 1733 887 1831 quia
914 1733 1041 1832 inique
1066 1742 1197 1833 egerat
1224 1758 1371 1832 perver-

276 1835 388 1910 tendo
414 1831 594 1906 iudicium
623 1842 661 1906 et
683 1857 872 1934 pauperes
897 1835 1145 1934 opprimendo
1167 1843 1205 1908 et
1222 1833 1372 1931 iniquos

276 1933 514 2009 iustificando
542 1942 579 2008 et
605 1933 805 2033 neophitos
832 1936 1081 2033 corrodendo,
1108 1935 1208 2008 iusto
1235 1934 1372 2009 iudicio

278 2036 347 2111 Dei
365 2038 507 2109 factum
525 2043 595 2121 est,
614 2043 656 2107 ut
674 2035 719 2132 ad
738 2045 922 2110 terrorem
941 2035 1100 2111 aliorum
1113 2036 1231 2110 talem
1250 2035 1374 2109 incur·

277 2146 379 2211 reret
404 2133 691 2232 verecundiam,
726 2147 764 2209 et
790 2136 888 2210 sicut
913 2162 933 2210 a
962 2137 1183 2235 quibusdam
1209 2136 1374 2210 relatum
1436 2193 1440 2200 .

278 2248 337 2312 est
382 2247 489 2311 ostea
506 2246 628 2310 morte
646 2236 864 2335 turpissima
882 2237 1079 2312 defunctus
1099 2247 1167 2313 est.

353 2265 442 2411 Bost
467 2336 537 2430 hec
563 2337 750 2412 recordati
776 2338 1007 2413 Leththones
1034 2337 1203 2414 omnium
1229 2337 1374 2411 occiso·

278 2464 363 2512 rum
381 2461 535 2512 suorum
563 2462 584 2512 a
608 2437 833 2538 Rigensibus
861 2449 898 2518 et
925 2437 1142 2538 Semigallis
1162 2448 1248 2514 ante
1276 2438 1371 2512 duos

278 2563 410 2637 annOS,
436 2537 621 2613 miserunt
643 2564 713 2637 per
738 2549 858 2612 totam
883 2540 1120 2639 bethoniam,
1149 2537 1374 2638 colligentes

277 2641 484 2716 exercitum
512 2663 713 2739 magnum,
748 2650 787 2714 et
810 2650 1047 2716 transeuntes
1067 2641 1215 2716 Dunam
1231 2664 1302 2754 per
1317 2650 1375 2713 to-

200 2731 356 2858 {poam
374 2751 525 2815 noctem
540 2739 583 2813 ¹in
607 2739 737 2839 vigilia
759 2740 966 2815 nativitatis
985 2741 1136 2815 Domini
1155 2751 1309 2816 veniunt
1336 2740 1376 2814 in

199 2842 517 2939 1)„‚Thoreidam,
543 2851 581 2916 et
599 2864 748 2915 summo
769 2864 879 2915 mane
897 2843 1054 2915 transita
1074 2842 1214 2938 Coiwa,
1232 2841 1376 2940 disper-

214 2952 259 3008 25.
278 2954 417 3043 guntur
430 2967 498 3042 per
511 2964 644 3017 omnes
658 2940 780 3038 villas,
800 2952 838 3015 et
849 2942 1081 3018 invenientes
1100 2954 1241 3018 terram
1260 2941 1374 3016 nullis

277 3043 490 3117 rumoribus
530 3041 801 3142 premunitum,
834 3044 973 3142 multos
1011 3044 1206 3141 occidunt,
1243 3044 1402 3142 plures·

279 3144 500 3244 captivando
519 3139 718 3218 deducunt.
764 3141 880 3217 Erant
898 3154 1025 3218 autem
1043 3145 1081 3219 in
1099 3146 1183 3244 ipso
1203 3143 1262 3218 die
1281 3142 1374 3216 nati·

277 3246 403 3321 vitatis
423 3243 573 3318 Domini
598 3243 670 3316 duo
689 3244 906 3319 sacerdotes
925 3245 963 3318 in
983 3247 1144 3320 ecclesia
1163 3244 1374 3320 Cubbesele

278 3347 445 3421 divinum
470 3344 683 3441 Lyvonibus
710 3344 944 3420 celebrantes
971 3345 1160 3444 officium,
1185 3346 1372 3421 lohannes

276 3447 451 3522 videlicet
468 3444 567 3520 Stric
590 3455 629 3519 ct
650 3444 746 3518 alter
770 3445 1022 3522 Theodericus
1049 3473 1135 3522 cum
1161 3470 1270 3522 servo
1290 3469 1370 3519 suo.

278 3549 459 3646 Cumque,
490 3545 596 3642 finita
624 3544 740 3618 missa
766 3543 907 3645 prima,
944 3549 1130 3623 lohannes
1155 3549 1268 3622 aliam
1296 3546 1372 3620 iam

278 3651 504 3744 celebraret,
527 3701 530 3705 -
539 3645 777 3746 parrochiani
802 3648 1016 3724 venientem
1047 3649 1241 3724 audientes
1269 3672 1373 3723 exer·

277 3751 395 3825 eitum
415 3751 593 3846 fugerunt
607 3747 652 3820 de
671 3746 844 3845 ecclesia,
864 3760 901 3824 et
920 3750 1072 3849 quidam
1091 3750 1273 3824 silvarum
1291 3747 1372 3822 lati·

278 3851 375 3924 bulis
394 3873 436 3924 se
455 3847 733 3923 committentes
753 3863 966 3947 evaserunt,
983 3852 1135 3949 quidam
1155 3851 1200 3926 ad
1218 3849 1373 3949 propria

277 3951 498 4024 festinantes
514 3949 551 4021 in
565 3948 624 4024 via
635 3950 823 4050 captivati,
839 3961 998 4048 etquam
1008 3953 1135 4052 plures
1151 3963 1237 4026 sunt
1247 3949 1370 4026 occisi.

278 4051 464 4149 Dumque,
493 4051 568 4140 iarn
586 4049 691 4124 finita
710 4051 923 4148 sequencia,
950 4052 1089 4152 legitur
1107 4052 1370 4151 ewangelium,

269 4152 467 4226 -Lethones
481 4151 682 4226 velocitate
701 4175 885 4250 equorum
904 4153 1123 4229 deferuntur
1140 4154 1212 4228 hac
1231 4163 1268 4228 et
1283 4153 1371 4225 illac

277 4253 378 4328 circa
397 4253 610 4351 ecclesiam,
639 4262 676 4328 et
694 4252 774 4327 Deo
789 4267 1150 4346 ,suos‘conservante
1169 4254 1371 4330 ecclesiam

219 2343 268 2429 to)
