827 1327
180 145 206 163 50
253 134 359 163 amunte}
373 144 513 163 eflRON1CON
525 144 613 163 LYVONl

181 194 282 219 diligenter
290 197 408 218 conservant,
422 197 441 213 et
453 194 549 213 dominum
558 200 613 213 suum

181 220 213 244 qui
223 226 282 244 prope
292 222 338 244 erat,
348 220 371 238 nd
381 225 402 238 se
411 222 485 238 vocant⁴
503 220 546 244 Ipse
555 222 613 238 auten

182 245 266 269 episcopi
280 250 337 270 super
350 245 387 263 hoe
400 245 450 263 facto
467 245 531 263 audire
544 244 613 263 deside!

182 270 294 295 Rigensibus
303 270 404 295 significat.
426 270 479 289 Unde
488 270 588 295 episcopus
598 276 613 288 ni

182 295 268 314 tristatus
275 301 318 313 cum
323 295 410 314 omnibus
417 295 464 319 suis,
471 301 507 320 que
514 295 564 313 facta
571 297 613 313 suni

182 321 239 345 bans⁷
256 326 322 345 regem
334 320 353 339 in
366 323 450 339 castrum
464 326 520 339 suum
534 320 607 339 restitui

183 345 307 364 substantiam
322 345 374 364 reddi
386 345 477 371 precipit⁷
493 348 512 364 et
525 351 570 370 rege
586 345 609 364 nd

182 371 246 389 multis
256 377 300 390 eum
308 371 390 389 honorat
397 371 506 389 muneribus
515 376 613 395 equorum,

182 396 312 421 preciosarum
320 396 376 424 plura
386 395 461 414 exhibet
469 395 528 420 paria,
541 398 560 414 et
568 395 587 414 in
597 401 613 414 s(

138 421 267 446 fflffipaschali
281 421 417 446 benignissimo
427 427 471 439 eum
484 427 528 439 eum
540 420 613 439 omnibt

128 448 178 466 Αινῐ-θ.
183 451 251 465 curans
261 446 338 471 {affeetu7
348 448 366 465 et
375 446 426 464 omni
435 446 529 465 discordia
539 452 560 464 so
575 446 600 464 ita
610 446 613 464 i

183 474 202 490 et
211 471 316 496 Danielem7
325 477 369 490 cum
378 471 447 496 gaudio
455 471 533 490 remittit
542 477 553 489 a
575 474 613 489 cusi

183 497 257 515 Memor
266 496 327 515 eciam
337 496 438 521 episcopus
447 496 542 521 promissi⁷
551 496 600 520 quod
611 504 613 514 η

184 522 258 546 quando
273 521 330 540 castri
343 521 372 540 sui
388 522 411 540 ab
427 528 449 540 eo
465 521 587 540 medietatem
603 527 612 540 s

184 547 241 565 mittit
255 552 298 565 eum
312 553 335 565 eo
344 547 395 565 viros
407 549 495 565 strenuos
508 546 574 571 viginti
588 552 611 565 cu

184 572 294 596 equitaturis
303 572 343 590 suis
353 572 428 596 milites⁷
441 571 555 596 balistarios7
568 578 602 590 nec
612 587 613 590 ,

184 597 243 615 turios
252 597 275 615 ad
287 600 370 615 castrum
383 597 496 616 firmandum
510 600 529 615 et
540 599 607 615 contra

183 622 293 647 tenendum,
307 622 406 647 providens
420 622 447 641 eis
461 622 479 640 in
493 628 516 640 ex
530 622 581 641 ensis
594 624 612 640 et

184 647 224 666 suis
234 654 268 672 per
276 647 345 666 omnia.
367 647 414 666 Cum
427 647 494 672 quibus
504 647 509 665 i
523 653 553 666 em
562 653 595 666 rex
607 647 613 665 l

184 673 240 696 facie,
253 673 298 691 licet
306 673 359 691 dolos
369 673 493 692 meditaretur
501 673 520 691 in
530 673 592 697 corde⁷
605 678 613 690 r

185 698 294 722 Kukenoys7
303 698 369 716 relicto
376 698 466 723 episcopo
474 698 492 716 in
500 698 612 716 Dunernund

186 729 239 742 more
253 723 313 741 iturus
327 726 368 742 erat
383 723 401 741 in
417 723 556 742 Theuthoniam
570 729 605 747 pro

186 748 291 777 peregrinis
304 748 322 766 in
334 750 445 772 sequentem
459 754 535 766 annum.
562 748 610 766 Nam

185 779 222 792 iarn
233 779 302 791 annum
309 773 465 798 peregrinationis
471 779 505 792 sue
515 773 613 798 expievera

185 798 256 817 undum
267 798 285 816 in
295 798 433 817 Theuthoniam
443 798 503 823 parati
514 801 574 822 erant,
585 804 613 822 qu=

186 823 256 842 munde
266 823 303 842 iam
313 823 383 842 dudum
393 823 503 847 residentes,
519 829 553 848 per
565 826 613 841 conti

154 855 180 876 (9,)
186 851 227 867 tum
240 848 290 867 Deus
298 849 411 873 repellendo
424 849 476 867 abire
485 855 522 867 non
532 848 613 873 permisi!

187 876 250 892 autern
259 874 354 898 predictus
367 879 454 892 reversus
464 874 482 892 in
491 874 607 898 Kukennoys

187 905 221 917 nos
236 905 279 917 cum
289 899 377 924 episcopo
390 899 427 917 iam
437 899 506 917 abiisse
516 905 553 917 non
563 899 613 917 dubi!

187 924 206 942 in
222 924 277 953 Riga·
284 924 409 949 paucissimos
425 924 539 943 remansisse
555 930 613 949 perop

187 949 266 974 perfidie
276 955 310 968 sue
323 949 376 967 dolos
385 949 424 967 iam
433 949 505 968 diucius
515 949 534 967 in
544 949 600 967 corde
612 956 613 966 ι

187 975 232 993 dere
241 981 278 993 non
288 975 355 999 potuit,
364 974 397 993 sed
405 974 450 993 inito
457 974 536 993 consilio
544 980 587 993 cum
595 980 613 992 οι

188 1000 234 1024 suis⁷
248 1002 267 1018 et
280 1002 389 1024 exspectato
402 1002 487 1024 tempore
501 1002 520 1018 et
533 1000 563 1018 die
576 1005 613 1024 opo

187 1024 312 1043 Theuthonici
324 1025 364 1043 fere
376 1031 443 1044 omnes
455 1025 478 1043 ad
491 1030 539 1049 opus
553 1030 609 1043 suum

187 1050 211 1068 ad
221 1049 360 1069 edificationem
369 1050 425 1068 castri
434 1050 506 1075 lapides
516 1049 534 1068 in
542 1050 613 1069 fossato

187 1075 278 1100 depositis
287 1075 362 1094 interim
371 1075 439 1100 gladiis
448 1078 467 1094 et
475 1075 533 1094 armis
540 1075 579 1094 suis
587 1075 613 1094 dei
