3084 5018
313 469 388 540 200
456 461 669 538 llElNlllCl
696 458 972 536 CHRONICON
998 457 1250 532 LYVONlAE.

284 664 287 670 ’
315 667 445 744 eius³⁶.
501 666 555 739 De
585 665 698 740 tantis
729 664 844 764 igitur
870 664 1055 738 bellorum
1083 666 1267 763 angustiis
1299 667 1409 738 nullo

315 768 426 842 modo
445 776 594 865 poterat
612 765 771 838 ecclesia
789 764 956 878 predicta
974 765 1138 860 liberari,
1156 791 1229 863 que
1247 767 1411 865 parvula

314 868 387 942 suit
410 867 530 942 adhuc
556 876 592 940 et
618 865 779 1039 infirma,
810 865 881 938 nisi
909 890 976 963 per
1000 866 1262 962 Lyvonensem
1287 867 1411 940 eccle·

315 970 423 1065 siam,
441 992 515 1064 que
536 991 623 1040 vera
642 976 679 1039 et
697 964 817 1078 prima
825 988 988 1078 semper
1006 977 1127 1040 mater
1144 966 1263 1065 ipsius
1282 968 1410 1039 fuerat

316 1094 383 1168 per
400 1069 549 1140 labores
568 1063 867 1178 expugnationis,
886 1076 924 1138 et
942 1091 1014 1163 que
1032 1077 1217 1165 genuerat
1234 1091 1320 1140 eam
1338 1091 1409 1164 per

314 1169 506 1242 lavacrum
533 1165 830 1264 regenerationis
857 1163 894 1237 in
920 1164 994 1238 fide
1020 1166 1105 1240 lesu
1133 1167 1285 1263 Christi,
1317 1167 1410 1239 licet
1525 1191 1526 1222 ὲ

315 1271 442 1368 plures
478 1267 546 1339 sibi
580 1275 720 1340 matres
751 1266 847 1337 falso
885 1265 1003 1338 liliam
1038 1266 1136 1338 hanc
1166 1277 1409 1364 usurpantes
1473 1351 1476 1358 ¹
1526 1291 1527 1298 ¹

317 1369 541 1444 mentientes
567 1390 718 1480 semper
741 1365 973 1461 attraxerint
1000 1390 1159 1462 quarum
1187 1391 1261 1438 una
1284 1375 1410 1439 mater

316 1467 522 1542 Ruthenica
542 1465 680 1539 sterilis
694 1489 846 1563 semper
862 1476 901 1539 et
917 1421 1128 1562 inleounda,
1155 1489 1227 1563 que
1245 1492 1319 1539 non
1338 1490 1410 1564 spe
1526 1513 1527 1558 3

317 1566 613 1666 regenerationis
641 1566 679 1637 in
698 1565 770 1638 fide
789 1566 873 1638 lesu
892 1566 1043 1663 Christi,
1069 1567 1134 1640 sed
1161 1590 1228 1665 spe
1251 1566 1411 1638 tributo·

317 1693 402 1742 rum
421 1679 458 1741 et
476 1666 684 1765 spoliorum
702 1676 823 1738 terras
842 1665 912 1738 sibi
930 1666 1133 1764 subiugare
1151 1677 1317 1739 conatur.

259 1775 310 1860 (5)
392 1769 440 1840 Ut
458 1791 548 1864 ergo
567 1765 798 1862 Lyvonensis
817 1766 1112 1840 ecclesialiliam
1131 1790 1240 1838 suam
1262 1765 1411 1839 Estien-
1493 1839 1497 1846 ,

318 1894 399 1943 sem
418 1865 631 1959 ecclesiam,
650 1891 763 1963 quam
782 1877 966 1964 genuerat
982 1866 1068 1940 lesu
1087 1866 1246 1960 Christo,
1273 1867 1412 1940 libera·

318 1980 376 2044 ret
393 1970 439 2044 de
457 1966 692 2080 presentibus
706 1966 831 2057 malis,
851 1967 952 2039 misit
969 1967 1169 2081 episcopus
1182 1965 1410 2040 venerabilis

319 2067 492 2166 lligensis
519 2077 556 2141 et
583 2067 804 2140 convocavit
825 2067 961 2140 fratres
988 2066 1133 2165 militie,
1168 2091 1237 2140 nec
1267 2090 1342 2140 non
1369 2076 1412 2139 et

317 2170 418 2242 viros
450 2167 609 2240 ecclesie
640 2191 726 2238 cum
757 2167 968 2280 peregrinis
998 2179 1036 2241 et
1066 2167 1336 2242 mercatoribus
1369 2177 1434 2239 et¹

319 2269 461 2342 civibus
491 2267 715 2364 Rigensibus
743 2276 780 2338 et
806 2267 990 2340 universis
1019 2267 1232 2364 Lyvonibus
1257 2277 1294 2341 et
1322 2267 1412 2339 Let-

318 2368 406 2464 this,
433 2368 600 2441 indicens
627 2366 903 2464 expeditionem
921 2367 1065 2440 cunctis
1083 2368 1129 2440 ad
1147 2369 1412 2462 Lyvonensem

320 2468 520 2544 ecclesiam
538 2467 821 2567 pertinentibus.
856 2465 902 2539 Et
920 2467 1081 2542 fideliter
1094 2469 1309 2542 obedientes
1328 2491 1412 2538 om·

320 2593 387 2643 nes
415 2578 669 2642 convenerunt
695 2591 781 2640 cum
812 2567 977 2640 exercitu
1009 2592 1077 2641 suo
1110 2577 1200 2666 aput
1229 2577 1411 2664 stagnum

319 2669 561 2766 Rastigerwe,
587 2677 836 2740 convocantes
855 2690 984 2740 secum
1010 2668 1229 2767 episcopum
1255 2691 1413 2742 venera·

320 2769 434 2842 bilem
464 2768 673 2865 predictum
705 2767 927 2864 Rigensem,
967 2793 1051 2840 cum
1081 2770 1196 2841 fratre
1231 2791 1299 2839 suo
1332 2789 1411 2838 non

319 2869 443 2941 minus
467 2866 682 2961 venerabili,
707 2867 922 2940 Hermanno
951 2868 1141 2967 episcopo,
1169 2879 1310 2942 etcum
1330 2867 1413 2938 uni·

318 2968 438 3042 versis
455 2967 546 3040 viris
572 2966 828 3066 sacerdotibus
847 2991 889 3040 ac
907 2967 1087 3040 militibus
1105 2967 1193 3040 suis.
1229 2966 1411 3041 Peractis-

320 3092 393 3164 que
419 3066 694 3162 colloquiorum
728 3075 765 3138 et
796 3068 1010 3140 orationum
1039 3068 1175 3141 ibidem
1206 3066 1413 3162 mysteriis,

321 3166 543 3264 premittunt
573 3164 749 3238 meliores
782 3175 821 3239 et
847 3167 1022 3241 fortiores
1055 3169 1099 3242 de
1131 3168 1315 3263 exercitu,
1356 3176 1412 3260 ut,

320 3276 560 3338 transeuntes
577 3264 787 3363 Ugauniam
805 3277 915 3340 nocte
941 3278 978 3340 et
1002 3268 1073 3362 die,
1099 3267 1272 3364 sequenti
1298 3290 1413 3340 mane

321 3365 472 3440 valeant
495 3376 659 3439 castrum
677 3364 910 3478 llarbatense
929 3391 1194 3466 preoccupare.
1232 3365 1303 3454 Qui
1322 3365 1414 3438 divi-

322 3467 453 3540 dentes
483 3466 620 3539 iterum
650 3464 751 3539 acies
778 3491 882 3561 suas,
919 3467 1014 3539 alios
1041 3468 1086 3540 ad
1113 3467 1412 3580 impugnandum

324 3576 489 3638 castrum
507 3565 760 3662 preordinant,
780 3577 817 3639 et
835 3567 955 3639 alios
946 3593 983 3639 m
995 3567 1203 3641 Wironiam
1218 3569 1262 3640 ad
1278 3567 1412 3662 despo-

321 3665 485 3738 liandum
512 3666 633 3737 adhuc
659 3666 818 3739 rebelles
846 3667 1021 3764 dirigunt,
1048 3667 1111 3763 qui
1138 3679 1222 3764 post
1246 3665 1412 3738 triduum

271 3794 273 3800 ¹
323 3789 413 3839 oves
440 3775 477 3839 et
499 3767 614 3839 boves
642 3775 678 3838 et
706 3776 842 3842 cetera
836 3791 942 3862 que
968 3769 1118 3840 fuerunt
1145 3765 1324 3840 exercitui
1351 3787 1413 3836 ne·

323 3865 499 3962 cessaria,
526 3867 708 3939 reducunt
726 3843 967 3940 abundanter.
1009 3866 1184 3966 Episcopi
1208 3889 1298 3940 vero
1327 3889 1411 3936 cum

323 3966 533 4065 peregrinis
561 3978 599 4041 et
626 3969 727 4042 omni
758 3965 996 4040 multitudine
1028 3977 1247 4063 sequentes,
1284 3965 1321 4037 in
1353 3962 1411 4035 die

325 4162 369 4235 35)
389 4160 437 4216 lob
457 4163 501 4227 40,
523 4163 565 4217 10.
588 4163 628 4219 18.
