<?xml version="1.0" encoding="UTF-8"?>
<!DOCTYPE html PUBLIC "-//W3C//DTD XHTML 1.0 Transitional//EN"
    "http://www.w3.org/TR/xhtml1/DTD/xhtml1-transitional.dtd">
<html xmlns="http://www.w3.org/1999/xhtml" xml:lang="en" lang="en">
 <head>
  <title>
</title>
<meta http-equiv="Content-Type" content="text/html;charset=utf-8" />
  <meta name='ocr-system' content='tesseract 3.04.00' />
  <meta name='ocr-capabilities' content='ocr_page ocr_carea ocr_par ocr_line ocrx_word'/>
</head>
<body>
  <div class='ocr_page' id='page_1' title='image "./heinricichronic00arndgoog_0194.png"; bbox 0 0 3084 5018; ppageno 0'>
   <div class='ocr_carea' id='block_1_1' title="bbox 341 465 1282 584">
    <p class='ocr_par' dir='ltr' id='par_1_1' title="bbox 341 465 1282 584">
     <span class='ocr_line' id='line_1_1' title="bbox 341 465 1282 584; baseline -0.002 -42"><span class='ocrx_word' id='word_1_1' title='bbox 341 469 410 544; x_wconf 89' lang='grc'>166</span> <span class='ocrx_word' id='word_1_2' title='bbox 484 468 697 542; x_wconf 84' lang='lat' dir='ltr'>HElNRlCl</span> <span class='ocrx_word' id='word_1_3' title='bbox 720 466 1005 584; x_wconf 20' lang='lat' dir='ltr'>&#39;CHRONlCON</span> <span class='ocrx_word' id='word_1_4' title='bbox 1029 465 1282 542; x_wconf 64' lang='lat' dir='ltr'>ulvosum.</span> 
     </span>
    </p>
   </div>
   <div class='ocr_carea' id='block_1_2' title="bbox 332 668 1438 1874">
    <p class='ocr_par' dir='ltr' id='par_1_2' title="bbox 332 668 1438 1874">
     <span class='ocr_line' id='line_1_2' title="bbox 337 668 1438 767; baseline 0.001 -24"><span class='ocrx_word' id='word_1_5' title='bbox 337 673 478 745; x_wconf 90' lang='lat' dir='ltr'>dudum</span> <span class='ocrx_word' id='word_1_6' title='bbox 501 669 724 766; x_wconf 69' lang='lat' dir='ltr'>plantatam,</span> <span class='ocrx_word' id='word_1_7' title='bbox 750 668 936 767; x_wconf 79' lang='lat' dir='ltr'>sanguine</span> <span class='ocrx_word' id='word_1_8' title='bbox 962 670 1170 743; x_wconf 90' lang='lat' dir='ltr'>multorum</span> <span class='ocrx_word' id='word_1_9' title='bbox 1192 679 1230 744; x_wconf 89' lang='lat' dir='ltr'>et</span> <span class='ocrx_word' id='word_1_10' title='bbox 1246 670 1438 744; x_wconf 89' lang='lat' dir='ltr'>bellorum</span> 
     </span>
     <span class='ocr_line' id='line_1_3' title="bbox 336 768 1436 867; baseline 0.004 -23"><span class='ocrx_word' id='word_1_11' title='bbox 336 771 585 846; x_wconf 85' lang='lat' dir='ltr'>incommodis</span> <span class='ocrx_word' id='word_1_12' title='bbox 617 768 745 842; x_wconf 90' lang='lat' dir='ltr'>multis</span> <span class='ocrx_word' id='word_1_13' title='bbox 777 769 990 866; x_wconf 79' lang='lat' dir='ltr'>excultam‚·</span> <span class='ocrx_word' id='word_1_14' title='bbox 1017 772 1317 867; x_wconf 72' lang='lat' dir='ltr'><strong>sacerdotesque</strong></span> <span class='ocrx_word' id='word_1_15' title='bbox 1344 795 1436 848; x_wconf 88' lang='lat' dir='ltr'>suos</span> 
     </span>
     <span class='ocr_line' id='line_1_4' title="bbox 336 869 1435 987; baseline 0.001 -41"><span class='ocrx_word' id='word_1_16' title='bbox 336 872 466 946; x_wconf 90' lang='lat' dir='ltr'>nonin</span> <span class='ocrx_word' id='word_1_17' title='bbox 486 870 634 987; x_wconf 82' lang='lat' dir='ltr'>angulis</span> <span class='ocrx_word' id='word_1_18' title='bbox 654 869 820 966; x_wconf 74' lang='lat' dir='ltr'>Estonie,</span> <span class='ocrx_word' id='word_1_19' title='bbox 844 870 910 943; x_wconf 84' lang='lat' dir='ltr'>sed</span> <span class='ocrx_word' id='word_1_20' title='bbox 930 871 966 943; x_wconf 92' lang='lat' dir='ltr'>in</span> <span class='ocrx_word' id='word_1_21' title='bbox 986 871 1110 943; x_wconf 89' lang='lat' dir='ltr'>media</span> <span class='ocrx_word' id='word_1_22' title='bbox 1129 869 1274 985; x_wconf 70' lang='lat' dir='ltr'>Germa,</span> <span class='ocrx_word' id='word_1_23' title='bbox 1301 895 1435 947; x_wconf 89' lang='lat' dir='ltr'>verum</span> 
     </span>
     <span class='ocr_line' id='line_1_5' title="bbox 336 970 1436 1070; baseline -0.002 -24"><span class='ocrx_word' id='word_1_24' title='bbox 336 973 457 1047; x_wconf 87' lang='lat' dir='ltr'>eciam</span> <span class='ocrx_word' id='word_1_25' title='bbox 485 973 522 1045; x_wconf 94' lang='lat' dir='ltr'>in</span> <span class='ocrx_word' id='word_1_26' title='bbox 548 971 717 1044; x_wconf 89' lang='lat' dir='ltr'>Wironia</span> <span class='ocrx_word' id='word_1_27' title='bbox 744 981 783 1045; x_wconf 92' lang='lat' dir='ltr'>et</span> <span class='ocrx_word' id='word_1_28' title='bbox 801 995 921 1067; x_wconf 88' lang='lat' dir='ltr'>usque</span> <span class='ocrx_word' id='word_1_29' title='bbox 943 971 982 1058; x_wconf 86' lang='lat' dir='ltr'>jn</span> <span class='ocrx_word' id='word_1_30' title='bbox 1009 970 1181 1044; x_wconf 88' lang='lat' dir='ltr'>faciem</span> <span class='ocrx_word' id='word_1_31' title='bbox 1171 972 1289 1070; x_wconf 81' lang='lat' dir='ltr'>ipsius</span> <span class='ocrx_word' id='word_1_32' title='bbox 1314 972 1436 1045; x_wconf 88' lang='lat' dir='ltr'>archi-</span> 
     </span>
     <span class='ocr_line' id='line_1_6' title="bbox 336 1070 1435 1172; baseline -0.001 -25"><span class='ocrx_word' id='word_1_33' title='bbox 336 1074 504 1172; x_wconf 82' lang='lat' dir='ltr'>episcopi</span> <span class='ocrx_word' id='word_1_34' title='bbox 519 1071 790 1170; x_wconf 84' lang='lat' dir='ltr'><strong>comparuisse.</strong></span> <span class='ocrx_word' id='word_1_35' title='bbox 824 1071 906 1158; x_wconf 85' lang='lat' dir='ltr'>Quo</span> <span class='ocrx_word' id='word_1_36' title='bbox 923 1070 1073 1168; x_wconf 83' lang='lat' dir='ltr'>cognito</span> <span class='ocrx_word' id='word_1_37' title='bbox 1089 1096 1155 1144; x_wconf 86' lang='lat' dir='ltr'>rex</span> <span class='ocrx_word' id='word_1_38' title='bbox 1170 1071 1286 1146; x_wconf 87' lang='lat' dir='ltr'>Dacie</span> <span class='ocrx_word' id='word_1_39' title='bbox 1300 1084 1435 1146; x_wconf 83' lang='lat' dir='ltr'>contra</span> 
     </span>
     <span class='ocr_line' id='line_1_7' title="bbox 334 1172 1433 1288; baseline -0.005 -39"><span class='ocrx_word' id='word_1_40' title='bbox 334 1175 556 1288; x_wconf 81' lang='lat' dir='ltr'>episcopum</span> <span class='ocrx_word' id='word_1_41' title='bbox 582 1173 785 1272; x_wconf 81' lang='lat' dir='ltr'>Rigensem</span> <span class='ocrx_word' id='word_1_42' title='bbox 813 1172 1088 1268; x_wconf 90' lang='lat' dir='ltr'>quodammodo</span> <span class='ocrx_word' id='word_1_43' title='bbox 1123 1183 1349 1269; x_wconf 74' lang='lat' dir='ltr'>commotus,</span> <span class='ocrx_word' id='word_1_44' title='bbox 1386 1175 1433 1245; x_wconf 89' lang='lat' dir='ltr'>ad</span> 
     </span>
     <span class='ocr_line' id='line_1_8' title="bbox 333 1271 1435 1388; baseline 0.001 -41"><span class='ocrx_word' id='word_1_45' title='bbox 333 1276 564 1388; x_wconf 81' lang='lat' dir='ltr'>presentiam</span> <span class='ocrx_word' id='word_1_46' title='bbox 581 1284 709 1346; x_wconf 89' lang='lat' dir='ltr'>tamen</span> <span class='ocrx_word' id='word_1_47' title='bbox 729 1296 838 1345; x_wconf 92' lang='lat' dir='ltr'>suam</span> <span class='ocrx_word' id='word_1_48' title='bbox 856 1271 981 1372; x_wconf 92' lang='lat' dir='ltr'>ipsum</span> <span class='ocrx_word' id='word_1_49' title='bbox 999 1295 1085 1345; x_wconf 89' lang='lat' dir='ltr'>cum</span> <span class='ocrx_word' id='word_1_50' title='bbox 1104 1271 1281 1346; x_wconf 87' lang='lat' dir='ltr'>fratribus</span> <span class='ocrx_word' id='word_1_51' title='bbox 1298 1273 1435 1348; x_wconf 85' lang='lat' dir='ltr'>militie</span> 
     </span>
     <span class='ocr_line' id='line_1_9' title="bbox 332 1373 1434 1470; baseline -0.002 -22"><span class='ocrx_word' id='word_1_52' title='bbox 332 1375 494 1448; x_wconf 86' lang='lat' dir='ltr'>vocavit</span> <span class='ocrx_word' id='word_1_53' title='bbox 531 1374 615 1461; x_wconf 83' lang='lat' dir='ltr'>Quo</span> <span class='ocrx_word' id='word_1_54' title='bbox 634 1398 710 1446; x_wconf 93' lang='lat' dir='ltr'>non</span> <span class='ocrx_word' id='word_1_55' title='bbox 731 1373 917 1468; x_wconf 75' lang='lat' dir='ltr'>veniente,</span> <span class='ocrx_word' id='word_1_56' title='bbox 943 1374 1010 1446; x_wconf 91' lang='lat' dir='ltr'>sed</span> <span class='ocrx_word' id='word_1_57' title='bbox 1036 1373 1083 1445; x_wconf 88' lang='lat' dir='ltr'>ad</span> <span class='ocrx_word' id='word_1_58' title='bbox 1102 1395 1293 1446; x_wconf 93' lang='lat' dir='ltr'>summum</span> <span class='ocrx_word' id='word_1_59' title='bbox 1310 1374 1434 1470; x_wconf 89' lang='lat' dir='ltr'>ponti·</span> 
     </span>
     <span class='ocr_line' id='line_1_10' title="bbox 333 1473 1431 1587; baseline 0 -39"><span class='ocrx_word' id='word_1_60' title='bbox 333 1475 445 1549; x_wconf 87' lang='lat' dir='ltr'>licem</span> <span class='ocrx_word' id='word_1_61' title='bbox 472 1499 541 1574; x_wconf 92' lang='lat' dir='ltr'>pro</span> <span class='ocrx_word' id='word_1_62' title='bbox 570 1475 702 1548; x_wconf 89' lang='lat' dir='ltr'>eadem</span> <span class='ocrx_word' id='word_1_63' title='bbox 721 1497 837 1548; x_wconf 87' lang='lat' dir='ltr'>causa</span> <span class='ocrx_word' id='word_1_64' title='bbox 855 1484 1095 1587; x_wconf 67' lang='lat' dir='ltr'>properante</span> <span class='ocrx_word' id='word_1_65' title='bbox 1121 1473 1258 1548; x_wconf 88' lang='lat' dir='ltr'>fratres</span> <span class='ocrx_word' id='word_1_66' title='bbox 1283 1474 1431 1570; x_wconf 77' lang='lat' dir='ltr'>militie,</span> 
     </span>
     <span class='ocr_line' id='line_1_11' title="bbox 332 1574 1432 1674; baseline 0.001 -26"><span class='ocrx_word' id='word_1_67' title='bbox 332 1575 553 1674; x_wconf 90' lang='lat' dir='ltr'>Rudolphus</span> <span class='ocrx_word' id='word_1_68' title='bbox 578 1577 624 1648; x_wconf 93' lang='lat' dir='ltr'>de</span> <span class='ocrx_word' id='word_1_69' title='bbox 641 1575 794 1648; x_wconf 89' lang='lat' dir='ltr'>Venden</span> <span class='ocrx_word' id='word_1_70' title='bbox 820 1598 907 1648; x_wconf 93' lang='lat' dir='ltr'>cum</span> <span class='ocrx_word' id='word_1_71' title='bbox 926 1574 1074 1669; x_wconf 63' lang='lat' dir='ltr'>ceteris,</span> <span class='ocrx_word' id='word_1_72' title='bbox 1101 1584 1285 1648; x_wconf 88' lang='lat' dir='ltr'>venerunt</span> <span class='ocrx_word' id='word_1_73' title='bbox 1309 1575 1354 1647; x_wconf 90' lang='lat' dir='ltr'>ad</span> <span class='ocrx_word' id='word_1_74' title='bbox 1374 1599 1432 1649; x_wconf 89' lang='lat' dir='ltr'>re·</span> 
     </span>
     <span class='ocr_line' id='line_1_12' title="bbox 335 1673 1430 1774; baseline -0.002 -25"><span class='ocrx_word' id='word_1_75' title='bbox 335 1700 433 1774; x_wconf 82' lang='lat' dir='ltr'>gem.</span> <span class='ocrx_word' id='word_1_76' title='bbox 482 1675 530 1747; x_wconf 87' lang='lat' dir='ltr'>Et</span> <span class='ocrx_word' id='word_1_77' title='bbox 547 1675 648 1748; x_wconf 81' lang='lat' dir='ltr'>dedit</span> <span class='ocrx_word' id='word_1_78' title='bbox 666 1674 721 1748; x_wconf 91' lang='lat' dir='ltr'>eis</span> <span class='ocrx_word' id='word_1_79' title='bbox 739 1699 805 1748; x_wconf 89' lang='lat' dir='ltr'>rex</span> <span class='ocrx_word' id='word_1_80' title='bbox 823 1673 1026 1748; x_wconf 83' lang='lat' dir='ltr'>Saclralam</span> <span class='ocrx_word' id='word_1_81' title='bbox 1045 1684 1083 1748; x_wconf 89' lang='lat' dir='ltr'>et</span> <span class='ocrx_word' id='word_1_82' title='bbox 1099 1675 1325 1773; x_wconf 78' lang='lat' dir='ltr'>Ugauniam,</span> <span class='ocrx_word' id='word_1_83' title='bbox 1351 1674 1430 1747; x_wconf 92' lang='lat' dir='ltr'>iam</span> 
     </span>
     <span class='ocr_line' id='line_1_13' title="bbox 333 1774 1430 1874; baseline 0 -26"><span class='ocrx_word' id='word_1_84' title='bbox 333 1777 474 1848; x_wconf 91' lang='lat' dir='ltr'>dudum</span> <span class='ocrx_word' id='word_1_85' title='bbox 493 1800 513 1848; x_wconf 91' lang='lat' dir='ltr'>a</span> <span class='ocrx_word' id='word_1_86' title='bbox 532 1774 758 1874; x_wconf 80' lang='lat' dir='ltr'>Rigensibus</span> <span class='ocrx_word' id='word_1_87' title='bbox 773 1774 1013 1872; x_wconf 82' lang='lat' dir='ltr'>subiugatam</span> <span class='ocrx_word' id='word_1_88' title='bbox 1028 1785 1066 1849; x_wconf 91' lang='lat' dir='ltr'>et</span> <span class='ocrx_word' id='word_1_89' title='bbox 1079 1774 1319 1873; x_wconf 66' lang='lat' dir='ltr'>baptizatam,</span> <span class='ocrx_word' id='word_1_90' title='bbox 1340 1799 1430 1848; x_wconf 89' lang='lat' dir='ltr'>cum</span> 
     </span>
    </p>
   </div>
   <div class='ocr_carea' id='block_1_3' title="bbox 223 1874 1531 1975">
    <p class='ocr_par' dir='ltr' id='par_1_3' title="bbox 223 1874 1531 1975">
     <span class='ocr_line' id='line_1_14' title="bbox 223 1874 1531 1975; baseline 0 -26"><span class='ocrx_word' id='word_1_91' title='bbox 223 1887 227 1894; x_wconf 90' lang='lat'>&#39;</span> <span class='ocrx_word' id='word_1_92' title='bbox 333 1874 589 1950; x_wconf 88' lang='lat' dir='ltr'>adiacentibus</span> <span class='ocrx_word' id='word_1_93' title='bbox 604 1875 820 1975; x_wconf 70' lang='lat' dir='ltr'>provinciis,</span> <span class='ocrx_word' id='word_1_94' title='bbox 838 1899 906 1973; x_wconf 95' lang='lat' dir='ltr'>pro</span> <span class='ocrx_word' id='word_1_95' title='bbox 927 1899 995 1948; x_wconf 92' lang='lat' dir='ltr'>sua</span> <span class='ocrx_word' id='word_1_96' title='bbox 1013 1874 1124 1949; x_wconf 89' lang='lat' dir='ltr'>tertia</span> <span class='ocrx_word' id='word_1_97' title='bbox 1139 1885 1246 1973; x_wconf 90' lang='lat' dir='ltr'>parte</span> <span class='ocrx_word' id='word_1_98' title='bbox 1259 1874 1429 1968; x_wconf 70' lang='lat' dir='ltr'>Estonie,</span> <span class='ocrx_word' id='word_1_99' title='bbox 1530 1911 1531 1916; x_wconf 40' lang='lat'>¹</span> 
     </span>
    </p>
   </div>
   <div class='ocr_carea' id='block_1_4' title="bbox 292 1976 1531 4186">
    <p class='ocr_par' dir='ltr' id='par_1_4' title="bbox 292 1976 1531 4186">
     <span class='ocr_line' id='line_1_15' title="bbox 333 1976 1430 2074; baseline -0.003 -23"><span class='ocrx_word' id='word_1_100' title='bbox 333 1977 486 2051; x_wconf 81' lang='lat' dir='ltr'>excluso</span> <span class='ocrx_word' id='word_1_101' title='bbox 518 1976 729 2071; x_wconf 85' lang='lat' dir='ltr'>Lyvonensi</span> <span class='ocrx_word' id='word_1_102' title='bbox 762 1976 940 2074; x_wconf 90' lang='lat' dir='ltr'>episcopo</span> <span class='ocrx_word' id='word_1_103' title='bbox 972 1976 1203 2049; x_wconf 84' lang='lat' dir='ltr'>cumfratre</span> <span class='ocrx_word' id='word_1_104' title='bbox 1233 1999 1303 2048; x_wconf 91' lang='lat' dir='ltr'>suo</span> <span class='ocrx_word' id='word_1_105' title='bbox 1335 1976 1430 2050; x_wconf 88' lang='lat' dir='ltr'>ller-</span> 
     </span>
     <span class='ocr_line' id='line_1_16' title="bbox 334 2074 1429 2174; baseline -0.002 -24"><span class='ocrx_word' id='word_1_106' title='bbox 334 2101 484 2173; x_wconf 78' lang='lat' dir='ltr'>manno,</span> <span class='ocrx_word' id='word_1_107' title='bbox 511 2076 655 2150; x_wconf 90' lang='lat' dir='ltr'>noviter</span> <span class='ocrx_word' id='word_1_108' title='bbox 682 2086 913 2150; x_wconf 87' lang='lat' dir='ltr'>consecrato.</span> <span class='ocrx_word' id='word_1_109' title='bbox 959 2074 1006 2147; x_wconf 84' lang='lat' dir='ltr'>Et</span> <span class='ocrx_word' id='word_1_110' title='bbox 1030 2075 1201 2174; x_wconf 90' lang='lat' dir='ltr'>pervenit</span> <span class='ocrx_word' id='word_1_111' title='bbox 1226 2075 1263 2147; x_wconf 94' lang='lat' dir='ltr'>in</span> <span class='ocrx_word' id='word_1_112' title='bbox 1289 2074 1429 2174; x_wconf 82' lang='lat' dir='ltr'>Rigam</span> 
     </span>
     <span class='ocr_line' id='line_1_17' title="bbox 331 2175 1531 2274; baseline -0.003 -23"><span class='ocrx_word' id='word_1_113' title='bbox 331 2179 488 2251; x_wconf 88' lang='lat' dir='ltr'>verbum</span> <span class='ocrx_word' id='word_1_114' title='bbox 507 2176 592 2273; x_wconf 72' lang='lat' dir='ltr'>hoc,</span> <span class='ocrx_word' id='word_1_115' title='bbox 619 2186 656 2250; x_wconf 89' lang='lat' dir='ltr'>et</span> <span class='ocrx_word' id='word_1_116' title='bbox 683 2177 774 2249; x_wconf 88' lang='lat' dir='ltr'>dure</span> <span class='ocrx_word' id='word_1_117' title='bbox 801 2176 950 2273; x_wconf 90' lang='lat' dir='ltr'>accepit</span> <span class='ocrx_word' id='word_1_118' title='bbox 966 2176 1205 2248; x_wconf 90' lang='lat' dir='ltr'>Bernhardus</span> <span class='ocrx_word' id='word_1_119' title='bbox 1223 2175 1427 2274; x_wconf 90' lang='lat' dir='ltr'>episcopus</span> <span class='ocrx_word' id='word_1_120' title='bbox 1526 2205 1531 2212; x_wconf 94' lang='lat'>·</span> 
     </span>
     <span class='ocr_line' id='line_1_18' title="bbox 333 2276 1427 2374; baseline -0.001 -25"><span class='ocrx_word' id='word_1_121' title='bbox 333 2302 418 2349; x_wconf 91' lang='lat' dir='ltr'>cum</span> <span class='ocrx_word' id='word_1_122' title='bbox 438 2276 573 2350; x_wconf 89' lang='lat' dir='ltr'>ceteris</span> <span class='ocrx_word' id='word_1_123' title='bbox 591 2276 830 2374; x_wconf 70' lang='lat' dir='ltr'>Rigensibus,</span> <span class='ocrx_word' id='word_1_124' title='bbox 857 2286 895 2350; x_wconf 90' lang='lat' dir='ltr'>et</span> <span class='ocrx_word' id='word_1_125' title='bbox 918 2285 1174 2349; x_wconf 88' lang='lat' dir='ltr'>convenerunt</span> <span class='ocrx_word' id='word_1_126' title='bbox 1198 2301 1284 2348; x_wconf 91' lang='lat' dir='ltr'>cum</span> <span class='ocrx_word' id='word_1_127' title='bbox 1302 2277 1427 2348; x_wconf 78' lang='lat' dir='ltr'>fratri·</span> 
     </span>
     <span class='ocr_line' id='line_1_19' title="bbox 331 2375 1426 2473; baseline -0.001 -24"><span class='ocrx_word' id='word_1_128' title='bbox 331 2379 401 2450; x_wconf 91' lang='lat' dir='ltr'>hus</span> <span class='ocrx_word' id='word_1_129' title='bbox 421 2376 566 2473; x_wconf 79' lang='lat' dir='ltr'>militie,</span> <span class='ocrx_word' id='word_1_130' title='bbox 592 2386 801 2451; x_wconf 85' lang='lat' dir='ltr'>statuentes</span> <span class='ocrx_word' id='word_1_131' title='bbox 821 2377 941 2450; x_wconf 89' lang='lat' dir='ltr'>amice</span> <span class='ocrx_word' id='word_1_132' title='bbox 958 2376 1144 2449; x_wconf 87' lang='lat' dir='ltr'>trifariam</span> <span class='ocrx_word' id='word_1_133' title='bbox 1162 2375 1314 2450; x_wconf 88' lang='lat' dir='ltr'>Estonie</span> <span class='ocrx_word' id='word_1_134' title='bbox 1334 2376 1426 2450; x_wconf 90' lang='lat' dir='ltr'>divi·</span> 
     </span>
     <span class='ocr_line' id='line_1_20' title="bbox 331 2476 1531 2576; baseline -0.003 -25"><span class='ocrx_word' id='word_1_135' title='bbox 331 2479 490 2572; x_wconf 59' lang='lat' dir='ltr'>sionem„</span> <span class='ocrx_word' id='word_1_136' title='bbox 510 2490 548 2552; x_wconf 89' lang='lat' dir='ltr'>et</span> <span class='ocrx_word' id='word_1_137' title='bbox 569 2477 769 2576; x_wconf 76' lang='lat' dir='ltr'>episcopis,</span> <span class='ocrx_word' id='word_1_138' title='bbox 789 2477 885 2550; x_wconf 91' lang='lat' dir='ltr'>sicut</span> <span class='ocrx_word' id='word_1_139' title='bbox 904 2477 1086 2550; x_wconf 87' lang='lat' dir='ltr'>hactenus</span> <span class='ocrx_word' id='word_1_140' title='bbox 1104 2476 1159 2549; x_wconf 88' lang='lat' dir='ltr'>sic</span> <span class='ocrx_word' id='word_1_141' title='bbox 1178 2486 1216 2550; x_wconf 90' lang='lat' dir='ltr'>et</span> <span class='ocrx_word' id='word_1_142' title='bbox 1233 2476 1424 2574; x_wconf 72' lang='lat' dir='ltr'>deinceps,</span> <span class='ocrx_word' id='word_1_143' title='bbox 1530 2493 1531 2502; x_wconf 75' lang='grc'>’</span> 
     </span>
     <span class='ocr_line' id='line_1_21' title="bbox 331 2576 1426 2676; baseline -0.004 -24"><span class='ocrx_word' id='word_1_144' title='bbox 331 2603 421 2652; x_wconf 89' lang='lat' dir='ltr'>suas</span> <span class='ocrx_word' id='word_1_145' title='bbox 435 2590 562 2676; x_wconf 89' lang='lat' dir='ltr'>partes</span> <span class='ocrx_word' id='word_1_146' title='bbox 582 2577 840 2674; x_wconf 71' lang='lat' dir='ltr'>attribuentes7</span> <span class='ocrx_word' id='word_1_147' title='bbox 860 2576 1037 2650; x_wconf 88' lang='lat' dir='ltr'>fratribus</span> <span class='ocrx_word' id='word_1_148' title='bbox 1051 2601 1161 2650; x_wconf 89' lang='lat' dir='ltr'>suam</span> <span class='ocrx_word' id='word_1_149' title='bbox 1170 2576 1321 2650; x_wconf 84' lang='lat' dir='ltr'>tertiam</span> <span class='ocrx_word' id='word_1_150' title='bbox 1340 2577 1426 2650; x_wconf 91' lang='lat' dir='ltr'>reli·</span> 
     </span>
     <span class='ocr_line' id='line_1_22' title="bbox 331 2677 1426 2776; baseline -0.003 -25"><span class='ocrx_word' id='word_1_151' title='bbox 331 2690 503 2776; x_wconf 90' lang='lat' dir='ltr'>querunt.</span> <span class='ocrx_word' id='word_1_152' title='bbox 552 2677 648 2751; x_wconf 88' lang='lat' dir='ltr'>Dani</span> <span class='ocrx_word' id='word_1_153' title='bbox 667 2703 826 2776; x_wconf 55' lang='lat' dir='ltr'>quoqueJ</span> <span class='ocrx_word' id='word_1_154' title='bbox 853 2687 1055 2775; x_wconf 89' lang='lat' dir='ltr'>postquam</span> <span class='ocrx_word' id='word_1_155' title='bbox 1074 2677 1321 2751; x_wconf 90' lang='lat' dir='ltr'>Revalensem</span> <span class='ocrx_word' id='word_1_156' title='bbox 1340 2701 1426 2775; x_wconf 93' lang='lat' dir='ltr'>pro·</span> 
     </span>
     <span class='ocr_line' id='line_1_23' title="bbox 329 2777 1424 2877; baseline -0.003 -24"><span class='ocrx_word' id='word_1_157' title='bbox 329 2779 491 2853; x_wconf 86' lang='lat' dir='ltr'>vinciam</span> <span class='ocrx_word' id='word_1_158' title='bbox 518 2788 637 2851; x_wconf 91' lang='lat' dir='ltr'>totam</span> <span class='ocrx_word' id='word_1_159' title='bbox 664 2779 965 2877; x_wconf 70' lang='lat' dir='ltr'>baptizaverunt,</span> <span class='ocrx_word' id='word_1_160' title='bbox 998 2777 1182 2850; x_wconf 87' lang='lat' dir='ltr'>miserunt</span> <span class='ocrx_word' id='word_1_161' title='bbox 1206 2777 1424 2851; x_wconf 86' lang='lat' dir='ltr'>sacerdotes</span> 
     </span>
     <span class='ocr_line' id='line_1_24' title="bbox 330 2877 1425 2976; baseline -0.004 -24"><span class='ocrx_word' id='word_1_162' title='bbox 330 2903 420 2954; x_wconf 91' lang='lat' dir='ltr'>suos</span> <span class='ocrx_word' id='word_1_163' title='bbox 446 2881 493 2952; x_wconf 90' lang='lat' dir='ltr'>ad</span> <span class='ocrx_word' id='word_1_164' title='bbox 518 2879 785 2974; x_wconf 70' lang='lat' dir='ltr'>HarionenseS‚</span> <span class='ocrx_word' id='word_1_165' title='bbox 812 2887 849 2951; x_wconf 90' lang='lat' dir='ltr'>et</span> <span class='ocrx_word' id='word_1_166' title='bbox 867 2877 1064 2976; x_wconf 82' lang='lat' dir='ltr'>baptizatis</span> <span class='ocrx_word' id='word_1_167' title='bbox 1083 2877 1157 2950; x_wconf 90' lang='lat' dir='ltr'>illis</span> <span class='ocrx_word' id='word_1_168' title='bbox 1175 2877 1425 2952; x_wconf 89' lang='lat' dir='ltr'>incitaverunt</span> 
     </span>
     <span class='ocr_line' id='line_1_25' title="bbox 331 2978 1423 3075; baseline -0.003 -22"><span class='ocrx_word' id='word_1_169' title='bbox 331 3003 410 3075; x_wconf 67' lang='lat' dir='ltr'>eoo,</span> <span class='ocrx_word' id='word_1_170' title='bbox 430 2990 471 3051; x_wconf 92' lang='lat' dir='ltr'>ut</span> <span class='ocrx_word' id='word_1_171' title='bbox 484 2979 581 3052; x_wconf 90' lang='lat' dir='ltr'>irent</span> <span class='ocrx_word' id='word_1_172' title='bbox 596 2979 641 3051; x_wconf 92' lang='lat' dir='ltr'>ad</span> <span class='ocrx_word' id='word_1_173' title='bbox 657 2978 928 3052; x_wconf 86' lang='lat' dir='ltr'>Gerwanenses</span> <span class='ocrx_word' id='word_1_174' title='bbox 942 3002 1028 3051; x_wconf 91' lang='lat' dir='ltr'>cum</span> <span class='ocrx_word' id='word_1_175' title='bbox 1043 2978 1223 3075; x_wconf 68' lang='lat' dir='ltr'>exercitu,</span> <span class='ocrx_word' id='word_1_176' title='bbox 1238 2988 1423 3075; x_wconf 87' lang='lat' dir='ltr'>quatenus</span> 
     </span>
     <span class='ocr_line' id='line_1_26' title="bbox 330 3077 1426 3178; baseline -0.002 -28"><span class='ocrx_word' id='word_1_177' title='bbox 330 3079 469 3152; x_wconf 92' lang='lat' dir='ltr'>timore</span> <span class='ocrx_word' id='word_1_178' title='bbox 486 3079 552 3149; x_wconf 93' lang='lat' dir='ltr'>illo</span> <span class='ocrx_word' id='word_1_179' title='bbox 567 3078 730 3176; x_wconf 89' lang='lat' dir='ltr'>correpti</span> <span class='ocrx_word' id='word_1_180' title='bbox 750 3104 771 3150; x_wconf 89' lang='lat' dir='ltr'>a</span> <span class='ocrx_word' id='word_1_181' title='bbox 791 3077 956 3150; x_wconf 91' lang='lat' dir='ltr'>dominio</span> <span class='ocrx_word' id='word_1_182' title='bbox 970 3078 1190 3178; x_wconf 83' lang='lat' dir='ltr'>Rigensium</span> <span class='ocrx_word' id='word_1_183' title='bbox 1205 3079 1426 3152; x_wconf 87' lang='lat' dir='ltr'>recederent</span> 
     </span>
     <span class='ocr_line' id='line_1_27' title="bbox 331 3178 1426 3277; baseline -0.003 -26"><span class='ocrx_word' id='word_1_184' title='bbox 331 3188 370 3251; x_wconf 94' lang='lat' dir='ltr'>et</span> <span class='ocrx_word' id='word_1_185' title='bbox 392 3178 561 3276; x_wconf 88' lang='lat' dir='ltr'>ipsorum</span> <span class='ocrx_word' id='word_1_186' title='bbox 585 3179 791 3251; x_wconf 91' lang='lat' dir='ltr'>dominium</span> <span class='ocrx_word' id='word_1_187' title='bbox 811 3189 849 3252; x_wconf 94' lang='lat' dir='ltr'>et</span> <span class='ocrx_word' id='word_1_188' title='bbox 866 3178 1096 3276; x_wconf 90' lang='lat' dir='ltr'>baptismum</span> <span class='ocrx_word' id='word_1_189' title='bbox 1119 3178 1342 3277; x_wconf 86' lang='lat' dir='ltr'>reciperent.</span> <span class='ocrx_word' id='word_1_190' title='bbox 1379 3178 1426 3249; x_wconf 86' lang='lat' dir='ltr'>Et</span> 
     </span>
     <span class='ocr_line' id='line_1_28' title="bbox 330 3277 1425 3378; baseline 0 -28"><span class='ocrx_word' id='word_1_191' title='bbox 330 3277 433 3350; x_wconf 89' lang='lat' dir='ltr'>ibant</span> <span class='ocrx_word' id='word_1_192' title='bbox 458 3277 713 3353; x_wconf 81' lang='lat' dir='ltr'>Harionenses</span> <span class='ocrx_word' id='word_1_193' title='bbox 737 3279 775 3352; x_wconf 95' lang='lat' dir='ltr'>in</span> <span class='ocrx_word' id='word_1_194' title='bbox 801 3279 923 3378; x_wconf 88' lang='lat' dir='ltr'>ipsam</span> <span class='ocrx_word' id='word_1_195' title='bbox 946 3289 1088 3353; x_wconf 90' lang='lat' dir='ltr'>terram</span> <span class='ocrx_word' id='word_1_196' title='bbox 1115 3278 1425 3353; x_wconf 88' lang='lat' dir='ltr'>Gerwanensium</span> 
     </span>
     <span class='ocr_line' id='line_1_29' title="bbox 292 3377 1424 3476; baseline -0.003 -21"><span class='ocrx_word' id='word_1_197' title='bbox 292 3377 453 3476; x_wconf 66' lang='lat' dir='ltr'>[estate</span> <span class='ocrx_word' id='word_1_198' title='bbox 479 3380 612 3454; x_wconf 90' lang='lat' dir='ltr'>eadem</span> <span class='ocrx_word' id='word_1_199' title='bbox 639 3403 775 3454; x_wconf 91' lang='lat' dir='ltr'>novem</span> <span class='ocrx_word' id='word_1_200' title='bbox 793 3379 938 3452; x_wconf 91' lang='lat' dir='ltr'>vicibus</span> <span class='ocrx_word' id='word_1_201' title='bbox 966 3404 1053 3453; x_wconf 92' lang='lat' dir='ltr'>cum</span> <span class='ocrx_word' id='word_1_202' title='bbox 1080 3378 1305 3455; x_wconf 88' lang='lat' dir='ltr'>exercitibus</span> <span class='ocrx_word' id='word_1_203' title='bbox 1332 3378 1424 3474; x_wconf 74' lang='lat' dir='ltr'>suis,</span> 
     </span>
     <span class='ocr_line' id='line_1_30' title="bbox 329 3479 1427 3594; baseline 0 -43"><span class='ocrx_word' id='word_1_204' title='bbox 329 3479 585 3594; x_wconf 90' lang='lat' dir='ltr'>despoliantes</span> <span class='ocrx_word' id='word_1_205' title='bbox 613 3504 679 3553; x_wconf 92' lang='lat' dir='ltr'>eos</span> <span class='ocrx_word' id='word_1_206' title='bbox 708 3490 746 3554; x_wconf 91' lang='lat' dir='ltr'>et</span> <span class='ocrx_word' id='word_1_207' title='bbox 772 3480 986 3554; x_wconf 92' lang='lat' dir='ltr'>occidentes</span> <span class='ocrx_word' id='word_1_208' title='bbox 1014 3481 1230 3578; x_wconf 90' lang='lat' dir='ltr'>complures</span> <span class='ocrx_word' id='word_1_209' title='bbox 1249 3506 1295 3555; x_wconf 90' lang='lat' dir='ltr'>ex</span> <span class='ocrx_word' id='word_1_210' title='bbox 1314 3481 1370 3553; x_wconf 93' lang='lat' dir='ltr'>eis</span> <span class='ocrx_word' id='word_1_211' title='bbox 1389 3489 1427 3554; x_wconf 90' lang='lat' dir='ltr'>et</span> 
     </span>
     <span class='ocr_line' id='line_1_31' title="bbox 330 3579 1428 3678; baseline 0.002 -25"><span class='ocrx_word' id='word_1_212' title='bbox 330 3579 577 3678; x_wconf 74' lang='lat' dir='ltr'>captivanteS,</span> <span class='ocrx_word' id='word_1_213' title='bbox 604 3592 645 3653; x_wconf 86' lang='lat' dir='ltr'>ut</span> <span class='ocrx_word' id='word_1_214' title='bbox 669 3580 790 3655; x_wconf 86' lang='lat' dir='ltr'>eciam</span> <span class='ocrx_word' id='word_1_215' title='bbox 817 3579 942 3678; x_wconf 88' lang='lat' dir='ltr'>ipsum</span> <span class='ocrx_word' id='word_1_216' title='bbox 970 3582 1207 3676; x_wconf 87' lang='lat' dir='ltr'>sacerdotem</span> <span class='ocrx_word' id='word_1_217' title='bbox 1230 3581 1428 3656; x_wconf 89' lang='lat' dir='ltr'>Danorum</span> 
     </span>
     <span class='ocr_line' id='line_1_32' title="bbox 328 3669 1428 3781; baseline 0.002 -29"><span class='ocrx_word' id='word_1_218' title='bbox 328 3680 426 3754; x_wconf 92' lang='lat' dir='ltr'>inter</span> <span class='ocrx_word' id='word_1_219' title='bbox 452 3681 548 3753; x_wconf 88' lang='lat' dir='ltr'>alios</span> <span class='ocrx_word' id='word_1_220' title='bbox 570 3681 801 3756; x_wconf 89' lang='lat' dir='ltr'>vulnerando</span> <span class='ocrx_word' id='word_1_221' title='bbox 828 3681 995 3777; x_wconf 76' lang='lat' dir='ltr'>ferirent,</span> <span class='ocrx_word' id='word_1_222' title='bbox 1023 3669 1142 3756; x_wconf 87' lang='lat' dir='ltr'>donec</span> <span class='ocrx_word' id='word_1_223' title='bbox 1165 3682 1320 3756; x_wconf 89' lang='lat' dir='ltr'>tandem</span> <span class='ocrx_word' id='word_1_224' title='bbox 1346 3683 1428 3781; x_wconf 90' lang='lat' dir='ltr'>plu-</span> 
     </span>
     <span class='ocr_line' id='line_1_33' title="bbox 328 3780 1428 3879; baseline 0.006 -27"><span class='ocrx_word' id='word_1_225' title='bbox 328 3780 413 3854; x_wconf 90' lang='lat' dir='ltr'>rimi</span> <span class='ocrx_word' id='word_1_226' title='bbox 442 3806 574 3856; x_wconf 92' lang='lat' dir='ltr'>eorum</span> <span class='ocrx_word' id='word_1_227' title='bbox 592 3781 799 3856; x_wconf 93' lang='lat' dir='ltr'>dominium</span> <span class='ocrx_word' id='word_1_228' title='bbox 818 3806 862 3854; x_wconf 88' lang='lat' dir='ltr'>ac</span> <span class='ocrx_word' id='word_1_229' title='bbox 881 3781 1108 3879; x_wconf 90' lang='lat' dir='ltr'>baptismum</span> <span class='ocrx_word' id='word_1_230' title='bbox 1132 3781 1327 3856; x_wconf 89' lang='lat' dir='ltr'>Danorum</span> <span class='ocrx_word' id='word_1_231' title='bbox 1351 3785 1428 3858; x_wconf 86' lang='lat' dir='ltr'>ele·</span> 
     </span>
     <span class='ocr_line' id='line_1_34' title="bbox 329 3879 1428 3998; baseline 0.002 -44"><span class='ocrx_word' id='word_1_232' title='bbox 329 3891 476 3978; x_wconf 83' lang='lat' dir='ltr'>gerunt.</span> <span class='ocrx_word' id='word_1_233' title='bbox 521 3879 703 3956; x_wconf 89' lang='lat' dir='ltr'>Similiter</span> <span class='ocrx_word' id='word_1_234' title='bbox 729 3892 767 3955; x_wconf 90' lang='lat' dir='ltr'>et</span> <span class='ocrx_word' id='word_1_235' title='bbox 783 3881 1025 3957; x_wconf 88' lang='lat' dir='ltr'>Wironenses</span> <span class='ocrx_word' id='word_1_236' title='bbox 1052 3908 1074 3956; x_wconf 95' lang='lat' dir='ltr'>a</span> <span class='ocrx_word' id='word_1_237' title='bbox 1101 3882 1325 3981; x_wconf 85' lang='lat' dir='ltr'>Rigensibus</span> <span class='ocrx_word' id='word_1_238' title='bbox 1353 3884 1428 3998; x_wconf 80' lang='lat' dir='ltr'>pri·</span> 
     </span>
     <span class='ocr_line' id='line_1_35' title="bbox 330 3980 1426 4081; baseline 0.005 -30"><span class='ocrx_word' id='word_1_239' title='bbox 330 3980 444 4053; x_wconf 92' lang='lat' dir='ltr'>mitus</span> <span class='ocrx_word' id='word_1_240' title='bbox 464 3981 681 4081; x_wconf 71' lang='lat' dir='ltr'>expugnati,</span> <span class='ocrx_word' id='word_1_241' title='bbox 708 3981 1000 4058; x_wconf 88' lang='lat' dir='ltr'>comminatione</span> <span class='ocrx_word' id='word_1_242' title='bbox 1025 3982 1219 4058; x_wconf 87' lang='lat' dir='ltr'>Danorum</span> <span class='ocrx_word' id='word_1_243' title='bbox 1244 3984 1426 4080; x_wconf 73' lang='lat' dir='ltr'>exterriti,</span> 
     </span>
     <span class='ocr_line' id='line_1_36' title="bbox 329 4081 1426 4186; baseline 0.006 -35"><span class='ocrx_word' id='word_1_244' title='bbox 329 4082 489 4153; x_wconf 86' lang='lat' dir='ltr'>verbum</span> <span class='ocrx_word' id='word_1_245' title='bbox 510 4105 642 4155; x_wconf 87' lang='lat' dir='ltr'>eorum</span> <span class='ocrx_word' id='word_1_246' title='bbox 662 4092 773 4179; x_wconf 91' lang='lat' dir='ltr'>atque</span> <span class='ocrx_word' id='word_1_247' title='bbox 800 4081 1006 4156; x_wconf 90' lang='lat' dir='ltr'>dominium</span> <span class='ocrx_word' id='word_1_248' title='bbox 1032 4096 1270 4186; x_wconf 88' lang='lat' dir='ltr'>acceperunt</span> <span class='ocrx_word' id='word_1_249' title='bbox 1321 4086 1426 4158; x_wconf 91' lang='lat' dir='ltr'>Unde</span> 
     </span>
    </p>
   </div>
   <div class='ocr_carea' id='block_1_5' title="bbox 0 0 1546 5018">
    <p class='ocr_par' dir='ltr' id='par_1_5' title="bbox 0 0 1546 5018">
     <span class='ocr_line' id='line_1_37' title="bbox 0 0 1546 5018; baseline 0 3"><span class='ocrx_word' id='word_1_250' title='bbox 0 0 1546 5018; x_wconf 95' lang='lat' dir='ltr'> </span> 
     </span>
    </p>
   </div>
  </div>
 </body>
</html>
