3016 5016
269 380 317 454 ³6
416 374 630 452 HElNlllCl
657 371 936 482 CllllOllll'CON
961 373 1215 450 LYvoutAn
1295 371 1298 374 ’

269 563 444 655 matutini
472 587 510 652 et
526 599 684 692 vespere
712 573 968 674 delectatus⁸⁷
996 601 1108 673 quem
1127 599 1197 651 nec
1221 577 1278 651 sol
1305 579 1375 651 ad

270 679 345 754 urit
374 678 639 792 prosperitatis
665 701 734 777 per
765 677 864 751 diem
895 701 943 752 ne
971 702 1018 752 ue
1046 677 1135 751 luna
1169 678 1364 753 contrisat
1482 718 1486 719 ν

272 778 508 854 adversitatis
527 803 624 892 per
613 789 764 852 noctem
772 776 814 824 77
817 788 888 875 ut
906 803 927 851 a
945 703 1014 853 llei
1035 779 1199 876 negocio
1214 803 1290 852 non
1308 779 1376 854 de-

271 881 381 954 sistat
403 889 507 954 terra
530 879 713 993 marique,
739 877 820 954 Deo
845 878 987 978 gratias
1015 903 1136 978 agens
1163 879 1301 955 iterum
1328 903 1375 954 se

272 981 415 1056 eisdem
444 979 644 1054 committit
670 974 866 1078 periculis,
899 1003 971 1078 que
997 990 1191 1074 evaserat
1219 991 1257 1056 et
1287 980 1370 1064 Deo
1423 1075 1425 1078 Ι

271 1081 585 1180 tranquillitatem
604 1081 781 1173 donante,
804 1096 874 1195 pro
901 1080 1122 1195 colligendis
1147 1081 1375 1196 peregrinis⁷

274 1208 336 1282 qur
327 1182 558 1260 ecclesiam
575 1181 825 1274 defendant,
816 1207 853 1254 m
871 1180 1099 1256 Alimaniam
1117 1181 1228 1255 vadit.
1501 1267 1505 1270 ,

193 1296 263 1382 (12)
347 1283 437 1358 Post
463 1285 535 1358 hec
560 1307 606 1358 ex
632 1281 846 1378 Lyvonibus
874 1281 1059 1379 quidam
1048 1308 1087 1356 ιιι
1116 1281 1274 1381 perfidia
1301 1305 1373 1356 sua
1498 1336 1501 1337 f

275 1385 466 1481 durantes,
492 1383 575 1482 regi
598 1383 644 1456 de
663 1381 824 1456 Ploceke
842 1405 911 1481 per
928 1383 1087 1458 nuncios
1105 1407 1195 1456 suos
1213 1383 1374 1457 vulnera
1480 1407 1485 1412 ·
1503 1461 1506 1468 ,

276 1495 313 1559 et
339 1483 503 1582 dampna
529 1507 682 1556 suorum
710 1481 1033 1581 significantes⁷
1023 1509 1061 1556 ιιι
1089 1483 1270 1558 auxilium
1301 1483 1372 1557 sibi

276 1595 405 1658 contra
431 1583 711 1658 Thouthonioos
736 1582 865 1662 venire
890 1607 977 1687 eum
995 1595 1145 1683 rogant,
1171 1579 1375 1698 presertim

276 1709 362 1760 cum
380 1684 491 1799 pauci
509 1684 547 1758 in
565 1683 660 1782 Riga
678 1682 930 1758 remanserint
947 1675 986 1760 'et
1002 1684 1065 1757 alii
1084 1709 1171 1758 cum
1190 1683 1384 1784 episcopo?
1487 1718 1492 1727 ·

274 1785 511 1860 recesserint.
557 1783 630 1874 Qui
656 1783 901 1882 acquiescens
926 1784 1092 1860 consiliis
1120 1796 1157 1860 et
1182 1785 1375 1860 vocationi

276 1911 421 1984 eorum,
449 1895 655 1960 convocato
683 1884 850 1960 exercitu
877 1885 922 1960 de
945 1885 1120 2000 omnibus
1145 1885 1239 1959 locis
1264 1885 1376 1985 regni
1454 1967 1457 1974 ,
1506 1917 1507 1920 “

275 1987 335 2060 sui
360 2011 431 2061 nec
454 2010 530 2060 non
557 1996 599 2062 et
619 1985 780 2062 aliorum
784 2011 933 2100 regum
949 1985 1159 2060 vicinorum
1178 1997 1216 2060 et
1234 1987 1376 2066 amico

274 2111 359 2160 rum
378 2111 546 2182 suorum,
573 2085 684 2160 Duna
707 2086 859 2186 navigio
883 2087 1109 2162 descendit
1100 2087 1379 2163 infortitudine

275 2212 426 2302 magna
480 2186 527 2262 Et
544 2187 779 2286 applicantes
796 2187 1037 2270 Ykesoolam
1065 2187 1217 2286 quidam
1244 2213 1289 2263 ex
1318 2189 1377 2263 eis

275 2288 439 2386 graviter
455 2288 642 2362 vulnerati
666 2298 753 2362 sunt
771 2313 793 2361 a
811 2287 1015 2362 balistariis
1040 2288 1202 2362 Conradi
1230 2288 1374 2364 militis.

273 2388 379 2464 Unde
405 2389 617 2464 sencientes
641 2387 962 2464 Thouthonicos
952 2414 990 2463 ιιι
1017 2399 1139 2462 castro
1172 2390 1377 2473 descende·

273 2499 373 2586 runt
399 2499 437 2564 et
455 2500 621 2564 castrum
639 2488 773 2564 Holme
791 2489 914 2564 subito
940 2490 1121 2564 adeuntes
1148 2489 1344 2588 undique
1333 2516 1375 2564 m

274 2545 430 2664 circuiitu
449 2592 688 2666 obsederunt.
723 2590 896 2686 Lyvones
913 2613 1017 2687 vero,
1036 2590 1248 2667 nescientes
1267 2616 1377 2666 exer-

275 2691 402 2790 citum,
416 2691 591 2789 quidam
582 2716 621 2764 m
634 2689 738 2764 silvis
753 2691 979 2804 effugientes
990 2702 1203 2810 evaserunt,
1217 2691 1373 2789 quidam

274 2793 318 2864 ad
339 2801 506 2866 castrum
526 2815 610 2864 cum
635 2789 940 2867 Thouthonicis
930 2815 968 2863 m
995 2816 1113 2865 ιιιιιιιιι
1137 2815 1180 2867 se
1207 2793 1376 2892 college-

272 2903 371 2987 runt,
398 2901 436 2966 et
462 2892 590 2965 clauso
616 2901 739 2964 castro
766 2891 948 2966 balistarii
973 2892 1222 2968 munitionem
1240 2917 1375 2970 ascen·

252 2992 403 3106 *dentes
436 2991 621 3090 plurimos
653 2992 955 3066 vulneraverunt.
1005 2993 1176 3070 Rutheni
1206 3008 1374 3094 quoque⁷

271 3091 335 3190 qui
354 3103 474 3166 artem
492 3090 725 3166 balistariain
738 3091 920 3208 ignorant
946 3116 1103 3168 arcuum
1132 3095 1376 3170 consuetudi

271 3216 359 3268 nem
375 3192 575 3290 habentes,
588 3192 745 3292 plures
736 3218 772 3267 m
787 3192 996 3269 munitione
1013 3196 1183 3270 ledentes
1193 3221 1270 3309 per
1286 3195 1378 3282 dies¹

270 3292 411 3366 multos
428 3304 705 3393 pugnaverunt
732 3305 769 3368 et
792 3294 996 3369 maximam
1015 3305 1158 3370 struem
1176 3294 1371 3396 lignorum

269 3417 427 3493 compor
428 3402 577 3490 t''anteS‚
611 3394 860 3468 munitionem
893 3394 1097 3471 incendere
1133 3397 1370 3496 laborabant

263 3495 334 3568 sed
366 3495 547 3569 frustrato
573 3495 726 3592 labore,
750 3495 857 3569 multi
884 3499 1015 3584 eorum
1041 3521 1063 3570 a
1094 3496 1336 3571 balistariis
1325 3523 1367 3571 m

265 3595 456 3695 lignorum
477 3594 700 3670 collectione
712 3596 900 3670 vulnerati
911 3598 1147 3672 ceciderunt.
1177 3597 1306 3672 Misit
1295 3608 1369 3682 ita·

152 3793 155 3798 .
267 3721 359 3810 que
356 3721 423 3771 rex
441 3695 610 3770 nuncios
617 3696 919 3772 Thoredensibus
947 3708 984 3772 et
1002 3697 1173 3773 Leththis
1193 3709 1231 3773 et
1249 3723 1372 3798 paga

265 3797 323 3870 nis
349 3797 398 3869 in
414 3796 584 3889 circuitm
613 3807 653 3869 ut
672 3821 805 3872 omues
825 3807 954 3872 contra
982 3798 1165 3901 lligenses
1191 3799 1369 3874 venirent

264 3897 302 3969 in
329 3896 625 4010 expeditione-m
646 3897 769 3972 Unde
799 3897 919 3996 gavisi
945 3893 1206 3974 Thoredenses
1234 3900 1368 3975 statim

264 3995 491 4071 conveniunt
523 3997 569 4070 ad
600 4023 753 4097 regem
794 4009 832 4072 et
817 3999 1099 4074 tvenientibus
1132 4001 1205 4074 hoo
1237 4002 1367 4076 solum

261 4121 543 4228 mn.nu‚o.
602 4121 934 4200 mu.num.
1040 4129 1042 4136 ’
