3084 5018
212 535 216 542 ,
337 465 409 540 1eo
479 465 693 540 uerrvuor
720 401 996 540 cunomcov
1020 463 1271 538 uwounu.
1361 415 1374 432 ’

333 677 468 740 verunt
485 692 572 741 eum
591 666 755 766 stallos,
782 667 1030 741 dilacerantes
1051 667 1199 742 viscera
1216 691 1360 765 eorum,
1385 679 1425 742 et

334 769 574 842 extrahentes
602 792 668 843 cor
693 768 811 842 Hebbi
838 768 960 842 adhuc
976 767 1103 842 vivum
1129 769 1175 842 de
1191 778 1323 842 ventre
1341 791 1426 866 suo,

335 881 372 944 et
390 880 562 943 assantes
580 871 626 942 ad
646 870 773 968 ignem
793 879 830 944 et
847 869 1052 943 dividentes
1076 869 1175 944 inter
1192 893 1234 943 se
1252 870 1426 944 comede-

333 981 421 1044 runt
437 971 541 1067 illud,
568 981 608 1043 ut
633 971 749 1044 fortes
776 980 905 1044 contra
925 969 1147 1044 christianos
1170 969 1425 1067 efficerentur,

334 1084 371 1146 et
391 1095 550 1170 corpora
568 1095 699 1145 eorum
713 1072 868 1145 canibus
886 1081 923 1144 et
937 1071 1150 1144 volatilibus
1170 1071 1241 1146 celi
1258 1073 1425 1146 rodenda
1518 1147 1520 1158 ,

334 1174 527 1247 dederunt.
1311 1180 1316 1191 '
1518 1225 1520 1252 ι

273 1283 322 1370 (7.)
408 1273 606 1372 Completo
632 1296 746 1371 opere
771 1281 850 1345 tarn
876 1273 1058 1369 nefando,
1093 1272 1263 1346 seniores
1294 1273 1341 1346 de
1366 1273 1425 1344 Vi·

332 1374 456 1448 liende
481 1375 665 1448 miserunt
688 1374 824 1447 eodem¹
848 1372 907 1447 die
934 1373 972 1446 in
1000 1371 1190 1472 Odempc‚
1220 1373 1425 1450 suadentes
1518 1375 1520 1454 j

335 1475 401 1571 eis,
428 1485 531 1549 utet
556 1473 628 1572 ipsi
645 1473 784 1547 similia
801 1474 979 1548 facerent.
1033 1473 1081 1549 Et
1105 1475 1426 1548 Tharbatensibus
1519 1475 1520 1478 ’

332 1575 480 1672 gladios
506 1573 828 1672 sanguinolentos⁷
854 1573 988 1673 quibus
1015 1575 1294 1648 Theuthonicos
1311 1575 1426 1649 inter·
1519 1603 1520 1672 3

332 1677 512 1772 fecerant,
539 1687 576 1749 et
593 1699 711 1772 equos
729 1685 768 1749 et
783 1687 909 1750 vestes
928 1700 1070 1772 eorum,
1097 1700 1165 1774 pro
1184 1677 1294 1774 signo
1313 1676 1427 1750 mise-
1519 1683 1520 1750 5

332 1787 429 1849 runt.
473 1779 522 1850 At
547 1775 600 1848 illi
619 1777 839 1874 gaudentes,
866 1800 998 1850 omnes
1015 1778 1172 1850 verbum
1194 1776 1296 1849 istud
1318 1796 1425 1851 accc-

331 1888 479 1977 perunt,
504 1888 542 1951 et
566 1877 751 1951 irruentes
769 1878 807 1950 in
834 1879 969 1951 fratres
987 1877 1120 1950 militie
1137 1878 1425 1952 vinculaverunt

331 2003 420 2076 eos,
459 1988 496 2052 et
530 1979 754 2077 lohannem,
793 1979 856 2076 qui
886 1979 1011 2054 fuerat
1041 1979 1244 2052 advocatus
1276 2003 1424 2078 eorum,

332 2079 612 2176 interfecerunt,
640 2089 677 2153 et
702 2103 832 2153 servos
859 2103 992 2152 eorum
1010 2103 1154 2153 omnes.
1199 2079 1245 2150 Et
1262 2089 1424 2154 ex'mer·
1519 2101 1520 2106 ’

332 2180 520 2252 catoribus
541 2203 651 2276 quam
664 2180 793 2277 plures
811 2189 1080 2279 percusserunt
1093 2179 1231 2278 gladio,
1250 2190 1289 2253 et
1307 2180 1423 2254 ceteri
1518 2215 1520 2222 v

330 2281 521 2354 latitantes
552 2291 769 2377 evaserunt,
806 2304 901 2379 quos
931 2282 1173 2379 postmodum
1203 2281 1242 2353 in
1271 2281 1425 2355 vincula

330 2382 581 2481 proiecerunt,
608 2394 646 2456 et
668 2381 793 2455 omnia
818 2385 917 2454 bona
941 2382 1101 2455 fratrum
1125 2381 1257 2456 militie
1275 2392 1313 2456 et
1330 2382 1424 2456 alio-

330 2509 415 2556 rum
429 2483 775 2557 Thouthonicorum
789 2492 826 2556 et
838 2494 1091 2556 mercatorum
1101 2483 1305 2582 rapienteS,
1323 2483 1424 2557 inter

330 2608 372 2658 se
391 2584 595 2658 diviserunt
622 2594 659 2658 et
685 2607 843 2682 corpora
870 2583 1082 2656 occisorum
1108 2609 1176 2682 per
1194 2607 1351 2683 campos
1368 2585 1425 2656 in·

329 2685 485 2758 humata
512 2685 655 2782 relique
681 2695 783 2781 runt,
819 2707 978 2783 quorum
1007 2685 1131 2759 anime
1158 2710 1244 2758 cum
1270 2684 1424 2758 Christo

329 2786 568 2883 requiescant
592 2786 630 2858 in
654 2809 759 2884 pace.
805 2785 896 2858 Erat
913 2786 1044 2858 eodem
1063 2796 1233 2885 tempore
1250 2785 1289 2857 in
1305 2786 1424 2858 'Thar-

260 2933 262 2938 -
329 2889 415 2960 bata
436 2913 522 2960 cum
538 2886 716 2960 fratribus
730 2885 862 2961 militie
877 2886 1066 2960 confrater
1080 2912 1223 2986 eorum,
1241 2888 1424 2961 sacerdos

329 2987 551 3082 HartwicuS,
570 3012 682 3084 quem
699 2988 919 3060 locaverunt
937 3011 1051 3085 super
1064 2990 1198 3062 bovem
1217 2988 1423 3086 pinguissi-

330 3111 448 3180 mum,
475 3111 520 3160 eo
540 3088 638 3183 quod
656 3087 737 3185 ipse
756 3112 851 3184 eque
869 3089 1019 3187 pinguis
1038 3089 1160 3171 fuerit.
1196 3089 1243 3160 Et
1261 3089 1423 3162 educen-

330 3198 387 3260 tes
420 3189 465 3260 de
497 3198 638 3285 castum
677 3188 833 3262 deorum
863 3213 1018 3263 suorum
1052 3191 1285 3263 voluntatem
1316 3200 1423 3263 sorte

317 3287 580 3387 requirebant,
608 3313 720 3386 quem
747 3315 889 3387 eorum,
914 3289 1088 3364 videlicet
1115 3291 1351 3364 sacerdotem
1370 3315 1421 3363 an

329 3393 475 3487 bovem,
494 3391 540 3463 ad
558 3389 748 3464 victimam
763 3391 956 3490 eligerent.
993 3391 1040 3464 Et
1058 3392 1194 3465 cecidit
1206 3415 1290 3464 sors
1305 3414 1422 3487 super

329 3494 476 3588 bovem,
503 3501 540 3565 et
557 3491 774 3564 immolatus
795 3491 907 3566 estin
933 3502 1137 3565 momento.
1173 3492 1420 3566 Sacerdotem
1449 3513 1451 3518 ·

327 3617 417 3666 vero
437 3593 643 3666 secundum
670 3593 826 3666 deorum
850 3594 1084 3666 voluntatem
1107 3593 1182 3667 vite
1204 3615 1423 3668 reservave-

329 3703 433 3789 runt,
466 3704 619 3792 recepto
644 3703 770 3767 tamen
794 3694 947 3768 vulnere
973 3719 1127 3793 magno,
1159 3696 1258 3792 qnod
1286 3702 1422 3792 postea

251 3869 256 3881 ,
329 3805 504 3867 sanatum
523 3805 590 3868 est.

268 3901 318 3987 (8.)
404 3896 508 3968 Tunc
528 3895 640 3970 exivit
658 3897 813 3969 verbum
832 3921 900 3995 per
922 3906 1040 3969 totam
1059 3896 1254 3978 Estoniam
1277 3907 1314 3970 et
1336 3894 1423 3976 Ost,

328 3995 431 4092 liam⁷
460 4007 500 4069 ut
525 4009 736 4094 pugnarent
754 4010 884 4074 contra
910 3997 1038 4070 Dauos
1063 4008 1101 4072 et
1122 3997 1418 4071 Theuthonicos
1518 4007 1520 4040 ³

328 4096 376 4167 Et
394 4097 584 4170 eiecerunt
608 4121 745 4172 nomen
765 4099 1008 4171 christianum
1027 4100 1071 4171 de
1090 4099 1261 4171 omnihus
1279 4097 1420 4171 finibus

330 4197 418 4270 suis.
478 4197 670 4271 Ruthenos
700 4224 789 4274 vero
822 4211 898 4271 tam
930 4200 976 4273 de
1006 4200 1194 4298 Nogardia
1229 4224 1342 4296 quam
1370 4200 1419 4274 de
