3104 5012
280 522 287 534 ,
349 455 420 527 124
487 449 702 524 HElNllICl
728 449 1006 526 CHRONICON
1033 449 1285 526 LYVONlAD.
1389 515 1392 530 ,

342 651 465 728 sonitu
493 675 632 750 magno
657 674 725 764 per
743 649 909 724 medium
936 662 974 726 et
999 653 1144 751 repleta
1170 663 1228 728 est
1252 652 1371 750 aquis,
1400 665 1441 730 et

340 751 411 825 viri
429 750 644 825 ceciderunt
662 775 699 822 m
724 776 828 826 mare
847 762 886 826 et
902 753 1089 826 submersi
1109 765 1208 849 sunt,
1233 764 1271 827 et
1288 755 1438 827 confusi

341 862 430 924 sunt
447 851 509 925 alii
530 875 673 925 omnes.
709 851 755 924 Et
771 851 941 928 videntes
960 875 1030 926 nos
1044 853 1340 950 profunditatem
1358 879 1439 928 ma·

339 952 392 1024 ris
418 951 495 1026 iam
521 951 866 1049 comprehendisse,
893 965 1221 1052 congregaverunt
1245 977 1288 1028 se
1313 953 1352 1027 in
1378 953 1438 1029 lit-

339 1063 423 1128 tore
450 1052 576 1125 maris.
630 1051 677 1124 Et
703 1063 810 1126 erant
836 1077 882 1126 ex
907 1051 962 1127 eis
985 1054 1104 1127 multa
1123 1054 1239 1152 milia,
1265 1054 1329 1150 qui
1355 1064 1435 1128 tam

267 1199 274 1219 i
339 1153 485 1250 equites
511 1176 625 1249 quam
652 1151 797 1252 pedites
824 1164 1079 1228 convenerant
1105 1155 1151 1230 de
1169 1164 1247 1228 tota
1265 1154 1434 1252 Estonia,

338 1264 377 1327 et
401 1253 440 1326 in
466 1252 645 1352 pyraticis
670 1253 750 1326 lere
768 1252 949 1326 ducentis.
995 1253 1042 1327 Et
1060 1252 1145 1327 irati
1165 1265 1252 1342 sunt
1267 1254 1378 1328 valde
1396 1256 1435 1328 in

335 1354 497 1428 invicem
524 1353 691 1426 clamore
717 1377 875 1452 magno,
911 1353 1024 1426 simul
1051 1363 1090 1427 et
1115 1354 1352 1451 verberibus,
1387 1379 1432 1429 eo

336 1454 435 1550 quod
467 1455 626 1526 duarum
657 1453 952 1526 ebdomadarum
981 1453 1169 1527 laboribus
1201 1454 1316 1527 nichil
1347 1479 1434 1554 pro·

334 1556 524 1650 fecerunt,
560 1563 598 1629 et
623 1553 761 1625 multos
787 1578 833 1627 ex
860 1553 938 1626 suis
963 1552 1001 1626 in
1028 1554 1124 1626 mari
1148 1556 1367 1628 submersos
1394 1566 1433 1629 et

334 1655 462 1751 plures
487 1678 508 1726 a
533 1652 735 1727 balistariis
764 1654 904 1726 nostris
932 1653 1149 1728 interlectos
1176 1653 1430 1752 perdiderunt.

334 1753 383 1826 Et
403 1754 646 1827 sustollentes
671 1753 757 1828 vela
783 1777 851 1827 sua
879 1753 1037 1852 dispersi
1065 1755 1215 1826 suntin
1242 1753 1359 1852 mari,
1392 1767 1431 1829 et

333 1853 506 1928 abierunt
536 1854 793 1951 unusquisque
823 1853 861 1926 in
891 1854 992 1928 viam
1023 1878 1142 1927 suam.
1201 1854 1248 1927 Et
1278 1857 1430 1951 sequuti

332 1963 420 2028 sunt
443 1954 562 2027 nostri
588 1963 676 2051 post
694 1978 760 2028 eos
785 1954 823 2026 in
846 1955 989 2049 cymbis
1017 1954 1108 2050 suis,
1137 1964 1174 2027 et
1191 1955 1430 2030 abstulerunt

332 2055 386 2128 eis
405 2054 612 2153 pyraticam
631 2079 745 2127 unam
763 2051 959 2150 maiorem,
988 2079 1101 2152 quam
1118 2054 1157 2126 in
1177 2055 1427 2128 Godlandiam

330 2178 459 2228 secum
480 2154 722 2228 deduxerunt.
759 2154 806 2227 Et
825 2154 995 2228 liberavit
1013 2179 1082 2230 nos
1100 2153 1138 2227 in
1157 2154 1222 2227 illa
1237 2155 1297 2229 die
1315 2157 1427 2229 beata

329 2254 456 2353 Virgo,
483 2253 580 2326 sicut
606 2265 644 2327 et
662 2278 794 2328 omnes
814 2255 1054 2350 Lyvonenses
1082 2256 1267 2328 hactenus
1290 2254 1426 2329 libera·

245 2353 258 2374 ’
327 2355 381 2428 vit
406 2355 451 2427 ab
478 2353 651 2427 omnibus
680 2354 864 2454 angustiis
886 2355 963 2427 suis
992 2378 1111 2452 usque
1139 2355 1176 2428 in
1200 2355 1423 2429 hodiernum

328 2455 439 2528 diem.

216 2571 219 2578 ’
266 2569 318 2656 (6.)
403 2555 606 2651 Postquam
624 2554 795 2628 liberavit
813 2578 882 2627 nos
896 2554 1081 2626 Dominus
1101 2556 1146 2627 ab
1160 2554 1420 2653 OsiliensibuS,

328 2656 493 2730 sedimus
512 2656 550 2727 in
569 2656 702 2728 eodem
717 2664 840 2751 portu,
860 2655 979 2728 donec
997 2653 1110 2727 trium
1125 2655 1420 2729 ebdomadarum

326 2768 477 2854 tempus
497 2753 781 2851 complevimus,
800 2764 1045 2852 tempestates
1064 2753 1179 2827 maris
1195 2755 1419 2829 cottidianas

327 2870 366 2934 et
383 2857 635 2957 procellarum
651 2853 819 2927 turbines
838 2864 875 2928 et
899 2863 1032 2928 ventos
1051 2855 1260 2928 contrarios
1281 2857 1420 2931 haben·
1526 2935 1528 2940 ,

325 2971 395 3033 tes.
440 2957 487 3030 Et
505 2964 586 3030 erat
602 2954 724 3027 fames
751 2978 890 3053 magna
909 2964 946 3028 et
964 2954 1120 3052 penuria
1148 2955 1328 3028 ciborum.
1374 2955 1420 3028 Et

325 3057 513 3130 distribuit
538 3055 738 3154 episcopus
765 3054 902 3150 omnia,
930 3079 1002 3151 que
1026 3054 1167 3151 habuit,
1195 3055 1232 3126 in
1252 3055 1418 3155 caritate,

325 3169 363 3232 et
382 3180 532 3232 eramus
551 3155 709 3229 cottidie
722 3165 810 3227 vota
827 3165 1008 3228 voventes
1034 3165 1072 3228 et
1098 3164 1262 3252 oranteS,
1290 3166 1331 3228 ut
1348 3179 1417 3228 nos

327 3262 373 3332 ab
400 3257 465 3330 illo
492 3259 577 3330 loco
605 3255 784 3329 liberaret
810 3254 1003 3327 Dominus
1057 3254 1104 3326 Et
1128 3257 1273 3330 factum
1298 3255 1417 3329 estin

214 3358 453 3458 1u1.21.vigilia
488 3355 606 3430 Mario
642 3355 883 3454 Magdalene‚
924 3355 1160 3427 cantantibus
1196 3353 1270 3427 ianr
1308 3355 1416 3429 nobis
1497 3361 1499 3366 '

324 3458 431 3557 quasi
456 3455 645 3532 semivivis
671 3453 967 3554 responsorium⁷
995 3451 1101 3526 flavit
1126 3466 1266 3552 auster,
1294 3479 1417 3529 cessa·

321 3570 456 3634 verunt
482 3580 614 3631 omnes
633 3555 732 3630 venti
751 3552 940 3648 contrarii,
967 3565 1005 3628 et
1031 3555 1132 3628 dedit
1153 3555 1260 3627 nobis
1289 3554 1416 3628 Domi·

322 3685 392 3734 nus
409 3670 563 3734 ventum
582 3679 816 3754 prosperum.
858 3653 904 3726 Et
921 3655 1090 3729 levantes
1107 3656 1193 3728 vela
1210 3665 1340 3729 nostra
1359 3679 1415 3730 se·

211 3785 311 3845 rupa,
321 3761 448 3859 quenti
474 3783 585 3833 mane
603 3755 844 3855 pervenimus
861 3755 898 3830 in
919 3753 1197 3828 Gothlandiam.
1244 3755 1292 3828 Et
1309 3765 1413 3830 stans

320 3863 358 3934 in
389 3861 513 3960 lapide
545 3856 674 3931 altaris
706 3855 847 3954 gratias
879 3858 1016 3954 agebat
1046 3854 1226 3952 Domino,
1267 3855 1412 3931 dicens:

321 3962 580 4054 Dumium,
598 3955 762 4051 Domine,
782 3980 849 4052 per
865 3956 983 4052 iqnem
1001 3962 1038 4028 et
1051 3978 1188 4053 aquam
1206 3961 1242 4029 et
1256 3955 1414 4030 educisti

319 4085 387 4134 nos
413 4063 449 4133 in
479 4055 759 4154 refriyeriumtss.
810 4056 990 4150 Qrtoniam
1016 4057 1187 4151 probasti
1211 4079 1278 4130 nos
1302 4055 1411 4152 Deus,
1487 4103 1490 4111 ·

318 4187 362 4260 63)
383 4187 453 4242 Psal.
473 4186 517 4250 65,
539 4184 580 4240 12.
1142 4191 1145 4200 ’
1238 4179 1246 4188 ‘
