3104 5012
295 440 367 512 100
437 434 650 509 HElNlllCl
678 434 956 510 CHRONICON
982 435 1268 530 Ltvoulnn„
1328 453 1331 458 “

292 635 513 734 reciperent.
555 635 602 707 Et
620 635 759 708 missus
787 647 845 710 est
868 635 1061 737 Philippus
1087 637 1409 736 Raceburgensis
1533 639 1535 728 ᾗ

293 761 379 809 cum
410 736 604 835 preposito
637 735 803 811 Iohanne
829 748 867 812 et
892 736 1137 834 Theoderico,
1169 738 1285 811 fratre
1312 738 1406 837 epi·
1533 753 1535 824 ς

294 835 412 936 scopi,
439 849 477 910 et
505 836 684 935 Caupone
708 847 747 910 et
769 837 852 910 aliis
878 863 991 936 quam
1014 838 1186 936 pluribus
1214 837 1260 910 ad
1286 837 1406 935 ipsos

293 937 477 1034 Lyvones.
531 935 578 1009 Et
610 938 862 1013 consederunt
893 962 1025 1012 omnes
1057 963 1144 1012 cum
1174 939 1406 1036 Lyvonibus
1517 941 1535 968 ²

294 1048 382 1112 ante
401 1047 567 1111 castrum
584 1037 767 1136 ipsorum,
793 1049 1041 1113 retractantes
1067 1063 1139 1137 que
1157 1038 1263 1138 pacis
1282 1049 1402 1112 erant

294 1148 332 1212 et
347 1138 506 1212 iusticie.
556 1137 631 1212 Sed
657 1138 808 1236 quidam
827 1164 872 1212 ex
890 1139 982 1236 ipsis
999 1140 1194 1214 venientes
1212 1149 1298 1238 post
1317 1149 1402 1212 ter·

294 1264 398 1338 gum,
426 1249 464 1313 et
480 1238 711 1312 mendaciter
734 1239 963 1312 nunciabant
980 1240 1117 1313 fratres
1136 1238 1275 1313 milicie
1302 1263 1402 1312 cum

295 1339 460 1413 exercitu
490 1337 720 1437 provinciam
748 1340 923 1438 spoliare.
976 1340 1081 1414 Unde
1108 1365 1194 1420 cum
1221 1340 1403 1414 clamore

295 1463 433 1537 magno
453 1463 498 1512 ao
516 1439 673 1536 strepitu
694 1439 883 1536 rapientes
906 1441 1143 1540 prepositum
1169 1450 1206 1514 et
1223 1440 1404 1514 Theode-

294 1539 414 1612 ricum
432 1541 588 1612 fratrem
607 1538 773 1638 episcopi
799 1552 838 1614 et
855 1541 1092 1614 Gerhardum
1111 1541 1337 1614 advocatum
1356 1551 1404 1614 et

296 1638 434 1713 milites
453 1650 491 1713 et
509 1638 666 1713 clericos
685 1664 772 1713 cum
791 1642 910 1716 servis
929 1641 1114 1740 omnibus,
1138 1651 1336 1714 traxerunt
1354 1640 1401 1713 in

296 1749 474 1836 castrum,
495 1750 532 1813 et
544 1743 786 1815 verberantes
800 1765 879 1839 eos,
894 1741 931 1814 in
947 1742 1156 1816 custodiam
1171 1751 1401 1841 posuerunt.

296 1840 343 1911 Et
366 1841 541 1914 volebant
567 1840 787 1941 episcopum
814 1867 966 1940 rapere3
992 1844 1058 1917 sed
1082 1843 1306 1942 prohibebat
1323 1859 1401 1915 eos

296 1950 334 2014 et
360 1942 659 2014 comminabatur
684 1943 738 2017 eis
766 1945 944 2017 sacerdos
971 1943 1089 2042 ipsius
1122 1954 1160 2017 et
1189 1943 1399 2041 interpreS,

294 2041 480 2114 Henricus
499 2042 544 2115 de
563 2040 691 2115 Lettis.
740 2043 923 2118 Cessante
944 2069 1032 2118 vero
1052 2045 1219 2117 clamore
1237 2053 1275 2116 et
1293 2043 1401 2116 insa·

295 2141 358 2213 nia
374 2164 517 2238 eorum,
537 2143 685 2240 rogavit
699 2142 914 2243 episcopus,
928 2144 1163 2243 prepositum
1178 2167 1289 2216 suum
1304 2168 1395 2216 cum

296 2240 469 2315 omnibus
498 2241 581 2314 aliis
608 2242 678 2315 sibi
696 2243 855 2342 restitui,
883 2255 920 2318 et
940 2245 1062 2338 minas
1079 2270 1148 2342 pro
1176 2243 1396 2316 huiusmodi
1454 2317 1459 2320 .

294 2342 469 2417 illusione
498 2343 761 2441 superaddidit.
823 2345 871 2416 Et
896 2345 1039 2418 reducti
1066 2355 1154 2418 sunt
1180 2368 1326 2442 omneS,
1356 2355 1399 2417 et

295 2444 474 2516 monebat
504 2467 570 2517 eos
603 2443 805 2543 episcopus
836 2445 972 2518 iterum
1005 2455 1116 2542 atque
1147 2445 1302 2540 iterum,
1342 2470 1397 2519 ne
1533 2461 1535 2464 ’

294 2543 531 2641 baptismatis
550 2556 788 2619 sacramenta
807 2556 1129 2645 contempnerent,
1153 2570 1201 2620 ne
1220 2543 1398 2618 christia·

295 2643 422 2716 nitatis
442 2668 509 2718 sue
536 2643 680 2743 Deique
700 2645 887 2720 culturam
913 2646 1110 2744 violarent,
1137 2671 1184 2720 ne
1209 2646 1254 2718 ad
1274 2670 1394 2744 paga·

295 2743 460 2818 nismum
479 2745 654 2842 redirent,
681 2770 894 2844 puerosque
919 2747 1088 2845 ipsorum
1117 2747 1211 2819 duos
1229 2746 1290 2819 vel
1313 2757 1398 2820 tres-

297 2845 445 2918 obsides
471 2845 653 2942 exigebat.
690 2845 815 2919 Atini
841 2848 976 2921 blande
995 2848 1145 2945 quidem
1161 2847 1398 2944 responden·

295 2955 366 3038 tes,
394 2945 543 3018 obsides
563 2946 650 3018 dare
671 2970 744 3018 non
763 2958 998 3022 curaverunt.
1034 2948 1081 3019 Et
1100 2945 1152 3018 ait
1169 2948 1396 3046 episcopus:

298 3045 329 3116 0
351 3043 529 3116 increduli
552 3043 673 3140 corde,
700 3053 734 3118 ct
759 3045 856 3118 dura
879 3050 988 3142 facie,
1017 3055 1051 3120 et
1066 3047 1193 3142 linpuo
1210 3046 1397 3120 blandilo-

296 3165 382 3241 puu,
410 3145 615 3240 copnoscitc
643 3153 842 3220 creatorem
867 3156 1034 3222 vestrum.
1087 3145 1135 3219 Et
1159 3147 1223 3244 ait,
1250 3147 1338 3244 quid
1357 3147 1394 3221 si

295 3246 394 3317 forte
413 3244 607 3340 quiescant
625 3258 663 3319 et
681 3246 800 3320 Deum
823 3274 954 3323 verum
973 3259 1207 3348 cognoscant
1233 3258 1271 3322 et
1294 3248 1396 3321 ritus

296 3369 532 3444 paganorum
560 3346 830 3445 derelinquant.
883 3350 1005 3423 Nichil
1029 3373 1118 3423 vero
1148 3348 1395 3449 proficientes

296 3445 362 3517 sed
381 3445 487 3541 quasi
507 3450 790 3522 aeremlrustra
810 3452 1064 3546 verberanteS,
1083 3450 1224 3523 reversi
1245 3448 1394 3522 suntin

296 3544 441 3645 Rigam.
477 3547 524 3620 Et
549 3546 722 3644 Lyvones
750 3575 825 3623 non
844 3551 965 3624 minus
991 3559 1122 3624 contra
1139 3551 1276 3624 fratres
1293 3549 1394 3622 mili·

296 3647 352 3720 cie
371 3647 511 3721 bellare
530 3661 720 3747 ceperunt.
1146 3656 1151 3663 ’
1377 3705 1381 3712 -

234 3761 283 3848 (4.)
370 3748 576 3847 Episcopus
603 3749 718 3848 igitur
741 3752 914 3825 Albertus
940 3750 1122 3833 zizaniam
1149 3750 1313 3825 atritico
1332 3772 1394 3824 se-

294 3847 468 3946 parare⁵⁰
503 3859 540 3922 et
573 3851 675 3923 mala
710 3850 748 3923 in
783 3861 883 3926 terra
920 3863 1001 3925 orta
1031 3853 1164 3926 volens
1200 3851 1394 3948 extirpare

294 3958 496 4044 antequam
515 3950 822 4050 multiplicentur,
850 3964 1032 4026 convocat
1057 3953 1277 4052 peregrinos
1301 3973 1392 4023 cum

294 4147 338 4219 so)
359 4144 400 4202 cr.
420 4146 515 4203 Manu
540 4148 579 4214 ia,
599 4149 644 4204 25.
