3104 5012
324 450 376 524 80
470 443 684 518 HElNlllCl
711 439 989 518 CHRONICON
1016 440 1267 516 LYVONlAE

327 669 415 720 suas
435 655 567 719 contra
584 644 681 722 tales
700 643 849 742 inpetus
868 667 943 716 non
958 641 1211 716 firmaverant.
1247 641 1426 738 Lyvones

326 771 413 820 cum
427 745 545 819 Lettis
564 755 708 819 struem
726 741 965 843 lignorum
935 742 1045 816 siccis
1063 742 1176 842 lignis
1190 742 1426 841 superadnu-

326 856 418 945 gent
444 869 563 944 usque
583 846 628 918 ad
648 844 815 943 plancas.
852 843 1036 940 Eylardus
1055 844 1101 918 de
1118 842 1240 918 Dolen
1259 843 1429 940 desuper

327 945 505 1021 ascendit
552 944 772 1058 Sequuntur
785 943 1060 1018 Theuthonici'
1050 969 1088 1016 ιιι
1108 943 1236 1039 armis,
1263 942 1424 1040 plancas

326 1047 489 1143 solvunt
509 1045 622 1120 aliam
640 1026 888 1120 munitionem
906 1043 1067 1119 demtus
1082 1043 1287 1139 inveniunt,
1308 1066 1424 1138 quam

325 1145 474 1221 solvere
499 1169 574 1218 non
601 1155 771 1244 possunt
825 1144 1045 1219 Castrenses
1071 1144 1234 1243 desuper
1264 1166 1424 1240 congre·

326 1257 477 1345 gantur,
512 1245 679 1344 lapidum
698 1255 810 1343 atque
834 1244 1024 1342 lignorum
1049 1244 1208 1318 iactibus
1233 1243 1424 1318 Theutho-

324 1347 432 1422 nicos
451 1347 658 1516 repellunt,
677 1345 741 1444 qui
765 1345 1069 1420 descendentes
1060 1369 1188 1444 ignem
1212 1355 1424 1442 apponunt,

326 1457 494 1520 castrum
524 1446 633 1520 incen
636 1447 736 1520 udm.
796 1445 957 1520 Estoues
988 1444 1144 1544 plancas
1176 1446 1352 1519 ardentes
1384 1453 1424 1516 et

325 1547 444 1646 ligna
449 1546 668 1620 munitionis
687 1545 840 1620 incensa
860 1547 1024 1642 solvunt,
1042 1545 1263 1619 distrahunt.
1299 1543 1421 1616 Finito

325 1645 528 1720 incendio
518 1671 556 1720 ιιι
575 1645 737 1720 crastino
758 1647 884 1720 omnia
903 1600 1101 1744 reporiunt
1121 1656 1158 1720 et
1175 1647 1220 1718 ad
1236 1644 1424 1720 defensio·

327 1771 415 1822 nem
432 1745 571 1821 residui
597 1747 794 1821 scitorum
819 1747 1043 1820 confortant.
1087 1746 1202 1820 Erant
1227 1755 1357 1820 autem
1383 1744 1423 1816 in

327 1845 1423 1942 castromultacadaverainterfectorumetdefectusaqua·

327 1973 410 2021 rum
430 1959 468 2022 et
486 1949 565 2022 fere
584 1971 716 2022 omnes
735 1946 932 2041 vulnerati,
952 1956 992 2019 ut
1011 1946 1086 2020 iam
1100 1947 1315 2022 delicerent.
1351 1944 1423 2018 Die

327 2059 433 2122 sexto
453 2047 716 2122 Theuthonici:
751 2047 935 2145 Nampnit,
961 2047 1144 2144 inquiunt,
1170 2049 1339 2120 resistitis
1356 2043 1425 2118 ad·
1499 2127 1505 2135 ,

327 2148 397 2219 lenc
414 2154 450 2219 ct
460 2155 663 2220 creatorem
676 2155 930 2222 nostrumnon
944 2147 1167 2242 apnoscitis?
1193 2148 1248 2222 Ad
1262 2147 1334 2220 hec
1348 2145 1422 2217 illi:

329 2249 588 2344 Copnoscimns
600 2247 715 2320 Deam
733 2255 889 2322 vestrum
907 2252 1084 2322 maiorem
1103 2247 1174 2321 diis
1191 2249 1340 2340 nostris,
1359 2248 1423 2342 qni

327 2372 396 2421 nos
422 2347 631 2442 superando
656 2351 818 2421 animum
835 2356 1001 2421 nostram
1027 2347 1079 2422 ad
1104 2351 1218 2441 ipsias
1236 2348 1423 2420 culturam

327 2449 525 2523 inclinavit.
567 2447 869 2545 (indempnatos,
898 2455 941 2520 nt
954 2447 1141 2544 parcendo
1159 2447 1276 2541 nodis,
1295 2449 1422 2544 iopam

328 2549 616 2644 christianitatis,
634 2552 731 2641 sicat
747 2557 783 2622 et
794 2547 999 2642 Lyconides
1016 2549 1184 2643 etlettis,
1203 2551 1256 2620 ita
1270 2546 1422 2620 etnodis

327 2648 609 2724 misericorditer
623 2652 828 2742 imponatis.
861 2650 964 2724 Unde
979 2648 1238 2744 Theuthonici,
1253 2647 1421 2723 evocatis

327 2750 537 2823 senioribus
566 2750 774 2844 demetra,
802 2749 927 2823 omnia
955 2749 1036 2823 iura
1063 2748 1346 2824 christianitatis
1367 2750 1421 2821 eis

328 2860 541 2948 proponunt
559 2859 596 2922 et
614 2872 748 2961 pacem
768 2859 805 2922 et
828 2851 1034 2924 fraternam
1052 2849 1247 2924 caritatem
1266 2848 1423 2948 promit-

327 2959 420 3023 tunt.
452 2949 525 3035 Qui
538 2950 585 3023 de
599 2973 694 3047 pace
709 2949 863 3021 nimium
879 2951 1086 3048 gaudentes
1101 2951 1234 3024 eodem
1248 2960 1422 3046 tempore
1536 2947 1539 3044 ζ

329 3071 415 3121 cum
429 3048 642 3144 Lyvonibus
662 3059 699 3122 et
711 3049 807 3121 Lett
781 3058 842 3145 trs,
862 3051 1098 3148 eodemque
1088 3075 1169 3123 rure
1182 3060 1423 3124 sacramenta
1537 3087 1539 3122 ι

328 3147 506 3245 baptismi
525 3149 692 3246 recipere
718 3149 953 3255 pollicentur.
990 3151 1106 3248 Unde,
1133 3150 1266 3248 positis
1286 3150 1423 3222 obsidi-
1536 3193 1538 3244 ς

293 3300 296 3304 -
329 3250 398 3320 bus
418 3259 456 3321 et
469 3273 563 3346 pace
578 3249 740 3347 firmata,
759 3251 1000 3324 sacerdotes
990 3276 1028 3322 ιιι
1042 3261 1209 3324 castrum
1224 3250 1422 3348 recipiunt,
1535 3255 1538 3298 ³

329 3347 392 3444 qui
420 3372 551 3422 omnes
579 3350 711 3422 domos
739 3361 775 3424 et
801 3360 967 3424 castrum
992 3361 1030 3425 et
1047 3353 1149 3424 viros
1175 3361 1214 3428 et
1239 3351 1421 3426 mulieres
1536 3363 1538 3414 t

330 3472 417 3521 cum
448 3472 548 3522 οιιιιιι
580 3451 724 3564 populo
755 3461 1000 3549 aspergentes
1032 3476 1129 3548 aqua
1161 3451 1358 3525 benedicta
1386 3461 1424 3526 et

217 3605 221 3614 ι
330 3550 608 3660 quodammodo
639 3551 873 3665 iniciantes,
887 3560 974 3625 ante
998 3551 1249 3649 baptismum
1261 3551 1424 3626 cathezi-

329 3659 473 3746 zantun
491 3674 559 3747 pre
572 3648 688 3723 nimia
698 3651 895 3750 sanguinis
910 3650 1093 3725 effusione
1107 3653 1229 3726 adhuc
1242 3652 1424 3766 baptismi

329 3761 608 3824 sacramentum
635 3751 863 3825 differentes.
913 3751 993 3824 Hiis
1019 3752 1145 3850 itaque
1164 3754 1338 3851 peractis,
1366 3777 1424 3826 re·

328 3873 461 3924 versus
481 3861 538 3924 est
557 3852 742 3924 exercitus
761 3851 801 3923 in
818 3851 1035 3948 Lyvoniam‚
1055 3863 1092 3925 et
1111 3853 1156 3926 de
1174 3853 1423 3938 conversione

329 3949 505 4048 gencium
524 3975 655 4024 omnes
675 3951 937 4049 glorificabant
953 3951 1168 4026 Dominum.

217 4064 318 4137 Apes
406 4050 495 4122 Post
519 4050 626 4125 hec
617 4075 654 4122 m
687 4051 857 4150 paschali
884 4052 1150 4151 solempnitate
1176 4065 1423 4151 mercatores7

330 4148 525 4224 audientes
554 4150 680 4224 omnia
699 4151 855 4226 consilia
874 4152 1054 4226 Estonum
1074 4163 1112 4227 et
1130 4152 1289 4226 aliorum
1307 4179 1423 4253 paga·
