3016 5016
317 519 391 588 48.
463 513 676 586 HEINRICI
704 512 980 588 CHRONICON
1006 512 1258 586 ΙΧΥΟΝΙΑΕ.Ι

317 713 516 828 undique
508 739 544 786 1n
572 714 730 788 circuitu
757 714 932 788 multos
923 740 960 786 1n
987 713 1194 788 munitione
1213 713 1416 788 vulnerant

316 815 478 928 sagittis,
506 815 645 887 multos
672 839 741 914 per
759 815 868 889 villas
888 815 1134 912 captivantes,
1163 815 1289 912 plures
1316 817 1415 888 occi·

317 916 564 1014 dunt‚1gnem
578 915 854 1014 copiosumper
867 915 1057 1013 lignorum
1069 915 1415 1013 comportationem

316 1018 530 1090 incendunt.
566 1017 685 1090 Nocte
704 1041 748 1090 ac
767 1017 826 1090 die
844 1016 1015 1112 requiem
1033 1042 1107 1089 non
1134 1017 1279 1112 dantes7
1307 1015 1415 1090 Selo-

316 1119 425 1190 nibus
452 1117 629 1190 timorem
647 1117 840 1190 iucuciunt
843 1174 850 1188 .
825 1118 990 1190 tUude
1009 1118 1108 1189 clam
1125 1117 1269 1189 vocatis
1288 1117 1414 1190 senio·

315 1219 428 1290 ribusw
444 1219 489 1292 de
508 1219 688 1313 exercitu,
716 1227 848 1315 petunt
866 1242 1009 1314 pacem.
1047 1219 1096 1290 At
1112 1216 1187 1288 illi:
1216 1216 1412 1312 Sinerem,

314 1319 499 1415 inquiunt,
522 1317 902 1413 pneumaticum,
930 1317 1190 1411 abrenunciate
1214 1317 1413 1412 ydolatrie,

294 1429 353 1514 ¹et
379 1442 503 1492 certum
535 1420 749 1512 pacificum,
789 1421 851 1514 qni
881 1424 933 1490 est
963 1417 1146 1514 Christian,
1186 1421 1223 1490 in
1254 1425 1415 1491 cestrum
1453 1451 1457 1458 ·

316 1526 477 1592 castrum
509 1521 664 1612 recipite,
698 1517 947 1613 baptizamini,
980 1525 1015 1591 ct
1039 1519 1213 1592 Lethones
1244 1521 1414 1592 inimicos

315 1622 473 1693 nominis
505 1619 635 1692 Christi
666 1617 833 1712 deinceps
865 1642 888 1689 a
919 1625 1042 1691 castro
1073 1626 1190 1693 cestro
1222 1626 1411 1692 removete.

314 1721 443 1794 Placet
466 1720 536 1794 hec
555 1719 678 1790 forma
696 1719 814 1817 pacis,
842 1730 879 1792 et
906 1720 1003 1792 datis
1021 1721 1214 1792 obsidibus
1233 1719 1413 1818 baptismi

316 1831 555 1908 sacramenta
582 1844 624 1904 se
650 1819 819 1918 recipere
847 1823 1082 1918 promittunt,
1115 1831 1152 1893 et
1178 1820 1412 1894 Lethouibus

314 1921 472 1997 remotis
500 1919 715 1994 christianis
743 1945 871 2019 seper
890 1921 1016 1993 omnia
1042 1922 1228 2019 spondent
1246 1920 1411 1994 obedire.

238 2033 240 2036 ’
314 2021 643 2121 Acceptisitaque
661 2022 790 2118 pueris
807 2023 977 2119 ipsorum
997 2021 1192 2119 mitigatur
1210 2022 1413 2096 exercitus.
1449 2037 1450 2040 ’

315 2124 420 2199 Unde
452 2124 566 2194 abbas
599 2131 637 2194 et
666 2123 881 2220 prepositus
919 2146 1005 2195 cum
1037 2122 1120 2194 aliis
1151 2122 1412 2196 sacerdotibus

238 2295 240 2308 ,
315 2223 561 2296 ascendentes
581 2223 627 2293 ad
645 2222 749 2320 ipsos
768 2222 805 2296 in
824 2231 1003 2318 castrum,
1026 2225 1071 2294 ad
1089 2221 1204 2296 fidem
1221 2222 1410 2295 iniciendo

316 2347 381 2397 eos
407 2323 617 2417 instruunt,
659 2333 696 2396 et
722 2333 969 2422 aspergentes
995 2334 1162 2396 castrum
1182 2348 1281 2419 aqua
1298 2326 1411 2398 bene·

300 2424 434 2519 -,dicta‚
468 2434 505 2498 et
531 2424 711 2498 vexillum
735 2426 843 2498 beate
868 2424 985 2496 Marie
1013 2425 1051 2495 in
1079 2448 1165 2497 arce
1190 2423 1330 2521 figunt5
1364 2425 1410 2496 de

315 2525 601 2602 conversatione
629 2525 805 2622 gencium
830 2525 1039 2622 gaudentes
1067 2534 1104 2597 et
1128 2524 1252 2600 Deum
1270 2525 1411 2597 collau-

316 2628 448 2700 dantes
477 2627 522 2700 de
551 2625 711 2699 ecclesie
739 2626 923 2723 profectu,
950 2625 1125 2698 leticum
1150 2624 1412 2724 Letigallis·et

315 2726 528 2822 Lyvouibus
548 2726 585 2798 in
605 2736 745 2798 terram
764 2749 873 2797 suam
891 2735 1139 2799 revertuntur.
1312 2792 1315 2800 ,

253 2834 304 2919 (7.)
392 2827 534 2900 Eodem
553 2835 725 2924 tempore
745 2825 884 2898 missus
905 2836 962 2898 est
976 2827 1210 2901 Alebrandus
1230 2827 1409 2900 sacerdos

315 2952 402 3000 cum
429 2926 652 3023 quibusdam
680 2926 763 2998 aliis
789 2925 825 2997 in
845 2927 1067 3024 Ugauniam
1092 2926 1284 3023 requirere
1309 2929 1411 3000 bona

276 3056 277 3061 ¹
313 3037 569 3100 mercatorum
583 3028 770 3123 quondam
784 3037 870 3100 ante
886 3026 979 3124 Rige
994 3027 1266 3100 edificationem
1283 3028 1410 3100 ablata

315 3127 488 3202 euntibus
508 3152 530 3198 a
549 3127 657 3199 Duna
675 3151 808 3200 versus
827 3127 1030 3201 Plicecowe
1054 3127 1091 3199 in
1113 3126 1297 3201 vehiculis
1316 3128 1409 3226 suis,

315 3252 386 3324 que
400 3229 647 3327 Ugauuenses
666 3226 823 3300 consilio
843 3228 1037 3324 Lyvonum
1055 3228 1093 3300 in
1111 3228 1172 3301 via
1190 3239 1410 3327 rapuerant,

315 3354 387 3425 que
405 3328 525 3400 multa
544 3337 662 3424 erant,
691 3327 891 3426 nongentis
918 3328 1092 3402 videlicet
1116 3327 1255 3401 marcis
1275 3339 1312 3402 et
1330 3354 1410 3402 am·

313 3429 412 3528 ptius
432 3439 662 3527 comparata.
705 3429 952 3526 Ugaunenses
976 3452 1066 3503 vero
1090 3453 1160 3505 nec
1185 3432 1285 3502 bona
1302 3429 1412 3503 resti·

312 3539 477 3626 tuert‚uu
505 3554 575 3602 nec
600 3529 645 3602 de
673 3529 908 3603 reddendis
899 3555 936 3601 m
961 3540 1158 3628 posterum
1181 3541 1326 3604 certum
1351 3556 1411 3605 re
1418 3605 1421 3612 ,

313 3654 497 3730 sponsum
523 3629 774 3704 reddiderunt.
816 3630 921 3704 Unde
938 3630 1173 3704 Alebrandus
1192 3631 1413 3704 huiusmodi
1487 3691 1490 3698 .

312 3732 503 3804 modicum
518 3754 668 3825 curans,
686 3729 898 3822 revertitur,
917 3741 955 3803 et
972 3731 1010 3802 in
1023 3730 1083 3804 via
1096 3731 1339 3830 Letigallis
1307 3757 1412 3806 circa

312 3831 531 3906 Ymeram⁹⁷
556 3831 727 3906 habitant
729 3830 810 3903 ibus
829 3833 985 3904 verbum
1013 3831 1083 3905 Dei
1102 3833 1147 3905 de
1166 3833 1409 3930 suscipiendo

313 3934 500 4031 baptismo
521 3931 737 4029 alloquitur,
763 3933 964 4029 presertim
990 3956 1077 4004 cum
1095 3932 1172 4005 iam
1190 3943 1270 4006 tota
1288 3933 1411 4030 Lyvo-

313 4032 374 4105 nia
402 4044 439 4106 et
464 4033 591 4131 plures
616 4057 662 4106 ex
687 4031 757 4104 Let
742 4031 881 4129 tigallis
908 4035 1064 4104 verbum
1088 4032 1157 4108 Dei
1182 4034 1406 4130 receperint.

312 4230 356 4301 98)
377 4231 458 4284 hodic
478 4230 566 4285 Scdde
586 4231 613 4286 ss.
