3084 5018
287 397 359 469 164
429 389 642 464 HlllNlllCl
670 385 949 462 CllllONlCON
975 387 1228 498 LYVONIAE.

286 588 584 694 ecclesiarum⁹⁴
603 589 706 662 misit
724 589 980 662 Alabrandum
998 591 1237 664 sacerdotem
1256 599 1294 664 et
1311 590 1392 663 Lu·

285 689 496 765 doricum
486 715 524 761 m
544 689 757 764 Sackalam.
808 689 879 777 Qui
898 690 1157 788 quamplures
1184 691 1230 764 de
1250 689 1389 764 Gerwa

287 802 325 866 et
342 789 426 864 aliis
444 787 646 888 provinciis
661 789 925 903 baptizantes,
927 789 1066 862 iterum
1080 791 1221 865 reversi
1241 801 1330 864 sunt
1347 791 1389 863 in

274 891 504 987 -byvoniam
541 890 588 962 Et
606 890 733 963 missis
751 889 898 963 nunciis
916 890 954 962 in
971 889 1162 986 Rusciam,
1182 891 1391 1005 episcopus
1514 908 1520 919 “

285 991 411 1066 verbis
425 990 593 1090 pacificis
608 1016 695 1063 cum
713 989 1019 1088 Nogardensibus
1034 991 1183 1066 locutus
1199 1001 1269 1084 est
1292 992 1389 1067 inte-

287 1093 435 1190 rimque
465 1092 679 1165 sacerdotes
715 1090 850 1163 alios
840 1115 879 1163 m
906 1090 1101 1164 Estoniam
1129 1093 1278 1166 mittere
1310 1117 1389 1164 non

290 1193 433 1266 distulit
436 1247 443 1264 .
418 1192 650 1280 tQuorum
669 1201 750 1265 erat
767 1190 912 1289 primus
931 1191 1063 1264 Petrus
1081 1190 1322 1266 Kaikewalde
1341 1193 1392 1266 de

287 1291 496 1389 Vinlandia,
512 1292 753 1388 etHenricus,
768 1293 990 1365 betthorum
998 1291 1170 1365 minister
1180 1295 1224 1366 de
1234 1293 1387 1367 Ymera.

291 1393 363 1481 Qui
395 1393 508 1466 simul
539 1395 720 1465 abeuntes
752 1392 788 1463 in
821 1391 1029 1488 Estoniam,
1065 1393 1391 1491 pertransiverunt

290 1491 538 1592 Ugauniam
529 1517 604 1565 ram
633 1502 719 1565 ante
744 1491 985 1590 baptizatam,
1011 1494 1131 1567 donec
1159 1493 1204 1566 ad
1232 1491 1389 1590 llumen,

291 1594 389 1706 quod
415 1593 536 1666 Mater
542 1617 735 1706 aquarum
763 1592 914 1689 dicitur,
943 1594 1041 1691 apud
1067 1593 1230 1667 Dorbete
1257 1619 1391 1690 perve-

292 1691 425 1766 nirent.
476 1693 522 1765 Et
507 1693 761 1791 tincipientes
781 1717 803 1764 a
821 1691 976 1766 llumine
996 1694 1164 1768 doctrine
1184 1694 1392 1768 christiane

193 1875 196 1882 .
293 1793 437 1868 semina
456 1816 649 1892 spargere,
676 1792 786 1866 villas
806 1793 1117 1867 circumiacentes
1144 1818 1254 1867 sacro
1281 1820 1391 1892 rege·

246 1929 248 1936 ·
292 1893 497 1967 nerationis
525 1895 627 1967 fonte
649 1893 925 1990 rigabantt
878 1892 960 1965 Et
951 1893 1248 1968 ιιιΙιοιιιιοοιῑιι95
1275 1895 1390 1966 simul

293 2006 331 2068 et
348 1993 385 2066 in
410 1994 493 2066 aliis
517 1994 617 2067 villis
644 1993 741 2068 sacri
761 1992 997 2091 baptismatis
1017 1995 1205 2090 mysteriis
1226 1994 1392 2069 celebra·

291 2094 353 2188 tis,
380 2103 648 2192 processerunt
665 2093 703 2165 in
721 2092 998 2190 Sadagerwetss,
1018 2094 1305 2191 convocatisque
1324 2120 1392 2193 po-

292 2194 393 2293 pulis
425 2193 561 2267 ibidem
593 2193 741 2268 circiter
771 2203 961 2268 trecentos
993 2193 1289 2292 baptizaverunt.
1343 2195 1393 2267 Et

293 2305 381 2393 post
397 2295 468 2368 hec
487 2294 532 2366 ad
552 2293 645 2367 alias
663 2294 771 2367 villas
791 2295 1067 2368 circumeuntes
1086 2295 1259 2368 similiter
1277 2293 1392 2368 facie·

294 2397 393 2467 bant.
447 2394 493 2466 Et
522 2405 706 2468 venerunt
736 2394 774 2468 in
799 2395 991 2491 Waigam,
1023 2406 1061 2470 et
1086 2396 1260 2469 homines
1288 2395 1391 2467 illius

293 2504 394 2569 terre
413 2495 530 2568 sacris
549 2494 738 2592 mysteriis
757 2495 980 2590 imbuentes,
1008 2495 1294 2593 baptizaverunt
1312 2520 1393 2568 om-

294 2620 374 2691 nes,
395 2604 432 2669 et
448 2598 600 2669 tandem
620 2596 657 2668 in
672 2594 791 2689 Riole,
810 2594 1007 2691 quoderat
1024 2607 1236 2669 extremum
1256 2596 1392 2669 castel-

293 2697 373 2769 lum
401 2719 549 2791 eorum,
582 2695 798 2769 convocatis
830 2695 1062 2792 hominibus,
1094 2697 1304 2769 doctrinam
1335 2697 1391 2769 eis

295 2796 564 2894 euangelicam
582 2794 844 2870 tradiderunt:
867 2793 914 2867 Et
931 2797 1128 2892 baptizatis
1147 2795 1286 2869 ibidem
1303 2820 1392 2892 pro·

294 2897 429 2970 miscui
448 2920 560 2970 sexus
579 2894 805 2994 quingentis7
828 2896 866 2968 in
884 2896 1092 3009 Wiropiam
1110 2907 1389 2994 processerunt.

295 2995 343 3068 Et
360 3008 586 3094 receperunt
604 3019 669 3069 eos
688 2996 862 3068 Wirones
881 2997 926 3070 de
946 2995 1067 3094 prima
1084 2997 1289 3095 provincia,
1318 3021 1391 3093 que

294 3095 481 3196 Pudyviru
499 3106 667 3189 vocatur,
695 3105 732 3167 et
750 3095 927 3192 baptizati
946 3106 1033 3168 sunt
1052 3121 1184 3171 omnes
1204 3099 1248 3170 ab
1270 3096 1324 3170 eis
1344 3098 1391 3170 de

295 3192 596 3293 quattuordecim
613 3195 728 3268 villis
731 3221 805 3268 una
824 3220 910 3269 cum
929 3197 1108 3270 Tabelino
1128 3197 1277 3271 seniore
1291 3197 1391 3295 ipsc·
1403 3212 1406 3228 ¹

294 3319 391 3392 rum⁷
411 3321 473 3392 qur
465 3295 731 3394 postmodum
749 3321 771 3368 a
786 3296 901 3369 Danis
917 3321 1124 3396 suspensus
1139 3309 1209 3395 est,
1229 3322 1273 3371 eo
1290 3297 1390 3394 quod

294 3395 525 3508 baptismum
539 3395 759 3494 Rigensium
779 3408 978 3495 acceperat
997 3408 1034 3470 et
963 3397 1168 3470 tfilium
1186 3421 1297 3470 suum
1318 3398 1391 3469 fra·

294 3494 413 3569 tribus
441 3496 574 3570 militie
593 3497 761 3571 obsidem
781 3508 970 3595 posuerat.
1017 3497 1141 3572 Ceteri
1159 3523 1249 3572 vero
1269 3497 1390 3570 Wiro-

294 3620 432 3670 nenses
462 3598 507 3671 de
539 3597 741 3695 provinciis
766 3597 849 3670 aliis
876 3608 1031 3697 propter
1058 3598 1390 3672 comminationem

229 3728 234 3734 ’
295 3696 488 3770 Danorum
502 3697 729 3795 Rigensium
739 3698 954 3811 sacerdotes
972 3699 1143 3798 recipere
1158 3723 1233 3771 ιιοιι
1251 3699 1390 3771 auden·

293 3808 364 3894 tes,
391 3797 519 3872 Danos
546 3808 674 3895 utpote
702 3796 823 3870 sibi
789 3797 932 3872 vicinos
960 3800 1006 3871 ad
1025 3823 1066 3874 se
1084 3808 1326 3894 vocaverunt,
1353 3807 1416 3897 et

293 3896 470 3995 baptisati
501 3908 588 3971 sunt
620 3901 665 3970 ab
697 3897 762 3971 eis
818 3899 1028 3972 Credebant
1058 3899 1184 3997 itaque
1214 3898 1389 3974 Wirones

294 4049 339 4120 94)
360 4047 401 4104 (ll.
422 4050 448 4104 2.
473 4049 595 4106 Corinth.
619 4053 661 4116 ll,
680 4052 725 4106 28.
843 4052 887 4124 95)
913 4052 1058 4108 Lolliatten
1082 4053 1155 4117 villa
1184 4070 1199 4105 a
1224 4051 1330 4124 Dorpat
1354 4053 1391 4104 ad

292 4123 432 4177 orientem.
515 4123 559 4195 96)
579 4121 700 4195 Sadjerw
718 4125 867 4196 praedium,
887 4144 902 4180 a
921 4124 1025 4198 Dorpat
1041 4127 1074 4180 ad
1094 4127 1322 4199 septemtrionem
