3104 5012
315 490 531 590 uorumci
558 516 837 590 cuuomcou
862 517 1114 591 urvouus.
1188 519 1255 592 121

160 718 323 790 33311331
341 716 554 815 Ugauuiam
572 716 722 790 mittere
749 717 985 815 pollicentur.
1035 717 1082 790 Et
1108 719 1259 792 audien·

159 829 221 892 tes
240 816 538 891 Saccalaneuses
561 817 687 888 omnia
715 819 816 892 mala
834 818 1123 918 Ugaunensibus
1142 818 1259 915 illata,

158 918 352 1015 timentes,
379 941 426 990 ue
454 915 525 989 sibi
550 916 688 989 similia
713 917 985 1016 contingerent,
1013 919 1197 993 miserunt
1222 928 1260 993 31

161 1017 236 1118 ipsi
254 1017 504 1116 postulantes,
533 1027 574 1089 ut
599 1018 815 1091 sacerdotes
841 1021 887 1091 ad
916 1043 982 1092 eos
1009 1021 1258 1116 mitterentur³

161 1129 223 1213 ut,
255 1127 518 1191 consummato
546 1116 582 1189 13
607 1115 800 1215 provincia
826 1117 995 1216 ipsorum
1020 1119 1266 1217 baptismate,-

160 1217 456 1293 christianorum
489 1217 604 1291 etiam
634 1217 874 1292 efficerentur
904 1218 1027 1292 amici.
1080 1219 1128 1291 Et
1153 1219 1259 1292 missi

161 1329 252 1392 sunt
269 1319 485 1392 sacerdotes
504 1315 921 1392 Ρ3133311311333111302
945 1321 990 1393 de
1001 1319 1202 1398 ,Vinlandia
1223 1329 1261 1392 et

160 1418 252 1492 Otto
283 1418 446 1492 fratrum
475 1417 614 1491 milicie
644 1420 840 1515 sacerdos⁷
877 1429 914 1492 et
944 1429 1191 1517 perrexerunt
1221 1419 1258 1491 iu

160 1518 334 1613 8333313,
366 1528 405 1591 31
427 1529 787 1592 consummaverunt
812 1518 1042 1617 baptismum
1069 1543 1186 1616 usque
1212 1520 1258 1592 ad

163 1620 306 1714 Palam,
327 1628 372 1715 ¹ct
397 1617 434 1690 13
461 1617 634 1716 Ugaunia
658 1642 778 1714 usque
805 1620 851 1691 ad
878 1620 1038 1692 Matrem
1063 1643 1257 1716 aquarum.

162 1720 248 1808 Quo
267 1719 367 1791 facto
388 1718 531 1791 reversi
550 1718 693 1790 suntin
711 1718 930 1817 limoniam,
949 1721 1115 1793 nondum
1133 1720 1259 1793 valen·

162 1830 221 1894 tes
236 1817 467 1891 cohabitare
493 1842 579 1890 cum
611 1817 666 1892 eis
696 1828 850 1916 propter
881 1819 1042 1893 aliorum
1074 1819 1258 1893 Estonu'm

46 1965 50 1972 -
162 1918 412 1993 ferocitatem.

239 2017 449 2116 Episcopus
480 2028 606 2091 autem
636 2018 1318 2117 1133313333331333333313333315.)

163 2117 329 2192 Estiensi
354 2117 586 2191 Theoderico
615 2119 797 2191 festinans
823 2120 867 2192 ad
896 2119 1096 2194 concilium
1123 2119 1258 2192 Roma·

163 2243 268 2314 num,
287 2242 374 2292 cum
392 2217 602 2317 peregrinis
621 2218 794 2291 euntibus
814 2219 850 2290 13
869 2219 1144 2294 Theutboniam
1163 2220 1263 2304 mari

162 2343 206 2394 se
232 2318 484 2414 committens,
515 2318 782 2391 Gothlandiam
808 2331 986 2418 properat
1008 2345 1095 2392 cum
1121 2343 1259 2394 novem

163 2417 412 2517 coggonibus
445 2418 493 2490 Et
505 2429 616 2492 nocte
631 2420 801 2515 sequenti
814 2420 936 2492 factus
951 2430 1009 2493 est
1023 2432 1156 2492 ventus
1172 2444 1259 2493 con·

161 2519 302 2592 1333133
330 2519 384 2592 313
413 2543 499 2591 cum
530 2519 684 2611 tonitru,
717 2529 754 2592 et
779 2544 847 2616 per
872 2529 993 2594 totam
1023 2521 1122 2592 diem
1154 2520 1258 2618 passi

162 2628 431 2717 tempestatem
451 2643 642 2715 magnam,
672 2619 818 2716 depulsi
845 2631 933 2693 suut
949 2619 1100 2693 taudem
1118 2619 1156 2691 in
1175 2643 1259 2717 por·

160 2730 246 2792 tum
263 2743 403 2793 novum
421 2718 460 2790 in
478 2717 606 2792 Osilia.
643 2719 746 2806 Quos
767 2729 806 2791 ut
825 2730 1084 2818 cognoverunt
1100 2719 1256 2792 Osiliani

163 2820 210 2893 de
224 2819 320 2917 Riga
334 2817 496 2914 venisse,
514 2818 842 2892 comminabantur
859 2821 913 2892 eis
928 2821 1079 2893 bellum.
1117 2819 1258 2892 1111311-

161 2929 287 2994 tentes
306 2943 375 3017 per
391 2928 511 2992 totam
530 2918 687 2991 Osiliam
707 2931 1034 3018 congregaverunt
1051 2919 1259 2994 exercitum

163 3043 346 3117 magnum
364 3019 549 3093 navalem.
587 3019 634 3092 Et
652 3019 714 3092 3111
733 3019 770 3090 13
789 3020 894 3116 equis
912 3020 1119 3115 venientes7
1145 3021 1183 3093 in
1201 3020 1259 3091 lit·

162 3131 247 3194 tore
272 3118 388 3192 maris
407 3118 1077 3218 31333133331133333133111113311331,
1101 3120 1260 3220 implen-

162 3229 304 3294 133333
322 3219 520 3318 lapidibus,
547 3229 711 3318 portumff
729 3219 836 3292 cuius
855 3220 977 3294 aditus
996 3220 1147 3294 strictus
1166 3231 1259 3316 crat,

161 3321 364 3394 obstruere
382 3319 556 3416 nitentes,
584 3330 626 3391 ut
652 3319 831 3392 concluso
851 3331 963 3417 portu
983 3331 1162 3417 caperent
1180 3345 1259 3393 om·

95 3480 100 3486 .
163 3444 233 3494 nes
252 3429 291 3494 et
307 3418 573 3494 interficerent.
607 3418 826 3492 Teuthonici
839 3443 929 3492 vero
948 3419 986 3492 in
1005 3420 1148 3515 cymbis
1166 3421 1259 3517 suis,

163 3519 202 3592 id
222 3530 282 3594 est
298 3519 504 3592 minoribus
523 3518 693 3614 navibus,
720 3529 900 3593 exeuntes
920 3521 965 3592 ad
984 3519 1085 3616 litus,
1107 3532 1258 3618 segetes

163 3623 234 3734 per
242 3643 357 3718 agros
367 3619 502 3718 gladiis
516 3619 594 3692 suis
609 3620 812 3714 metebant,
826 3619 1037 3694 nescientes
1053 3619 1259 3694 exercitum

163 3745 203 3794 m
222 3719 343 3794 vicino
371 3719 509 3817 littore,
536 3719 629 3793 etin
648 3717 721 3792 3113
740 3718 864 3792 littore
889 3744 958 3817 per
982 3719 1152 3819 singulos
1180 3719 1259 3793 dies

86 3907 88 3912 ¹
164 3818 265 3895 idem
291 3820 489 3893 faciebant.
533 3820 700 3893 Tandem
726 3817 932 3893 0silienses
956 3819 1089 3918 positis
1116 3818 1259 3893 insidiis

162 4025 211 4098 62)
230 4023 263 4080 lu
281 4027 375 4096 lingua
394 4026 505 4081 Fiunica
524 4029 693 4084 luilltwuleo
712 4027 940 4100 omnipotentiam,
959 4029 1152 4085 raitteoauias
1166 3990 1260 4084 omui-

163 4100 478 4226 fflffllfflss⁸ld¹¹ffi⁰⁸⁸n
502 4099 612 4155 Petrum
631 4101 1030 4189 333331313311133331131131
1049 4102 1154 4189 origiue
1174 4103 1259 4190 131133

163 4182 372 4300 “pplplplpffit
389 4173 522 4242 Pabstrup,
546 4173 563 4226 l.
584 4191 607 4227 3.
628 4193 653 4246 p.
671 4173 735 4238 205,
762 4185 864 4246 etipse
890 4176 987 4231 dicitur
1010 4180 1043 4232 dc
1067 4176 1211 4246 lutlondro,
1232 4177 1259 4229 rd
