3104 5012
286 439 499 520 Hulnltlcl
528 445 1085 542 CHRONICONLYVONIAE.
1162 454 1231 525 107

12 651 15 720 l
131 646 309 719 omnibus
335 647 522 744 simulque
554 623 639 720 cum
671 647 725 722 eis
754 648 955 722 Bertoldus
986 651 1032 723 de
1062 651 1233 742 Wenden

12 785 14 836 2
131 773 223 820 curn
250 748 428 820 fratribus
448 747 599 842 milicie,
627 758 664 822 et
683 751 937 846 sequebantur
955 761 1043 848 post
1060 774 1138 824 eos
1183 751 1232 823 Et

12 905 16 926 ι
131 871 224 921 curn
251 847 570 946 appropinquaret
596 848 643 921 ad
670 872 749 946 eos,
777 849 901 922 timuit
927 849 1095 924 Rameko
1114 850 1232 950 patris

131 973 194 1021 sur
185 948 526 1045 interfectionem,
554 948 586 1021 si
609 959 697 1062 post
719 959 870 1047 tergum
888 950 1082 1023 bellum
1049 974 1104 1024 ers
1122 951 1234 1025 infer·

12 1087 14 1118 ;
130 1059 205 1144 1·t,e
179 1047 482 1122 tcircumduxit
505 1073 571 1122 eos
590 1049 651 1122 via
669 1048 753 1122 alia
790 1049 863 1123 Sed
881 1049 1134 1149 intelligentes
1161 1053 1233 1124 hoc

12 1187 14 1200 r
130 1103 328 1246 Leitones,
355 1149 578 1223 festinanter
601 1151 781 1262 fugerunt
805 1160 844 1223 et
871 1160 1073 1225 evaserunt
1091 1154 1138 1224 ab
1165 1153 1231 1226 eis.

12 1293 13 1296 =
131 1250 341 1346 Postquam
368 1260 496 1324 autem
523 1245 682 1323 transita
712 1249 821 1324 Duna
846 1260 947 1325 terre
975 1275 1044 1325 sue
1071 1251 1234 1325 confinia

12 1391 14 1402 =
135 1349 283 1422 adirent
268 1349 457 1449 t,effugit
482 1352 526 1423 ah
547 1351 601 1424 eis
620 1349 873 1448 Thalihaldus,
899 1362 937 1424 et
953 1350 1084 1426 decem
1104 1351 1234 1425 diebus

12 1449 15 1554 ζ
134 1474 275 1548 panem
300 1475 375 1523 non
403 1452 604 1524 comedens
629 1451 728 1525 letus
746 1471 922 1525 reversus
941 1452 1054 1526 estin
1072 1452 1234 1596 patriam

12 1556 17 1626 l
136 1575 257 1624 suam.

12 1719 14 1746 ἱ
214 1650 268 1722 Eo
287 1660 459 1750 tempore
485 1651 739 1764 Daugeruthe,
767 1661 876 1750 pater
895 1651 1022 1724 uxoris
1041 1653 1142 1752 regis
1156 1651 1234 1724 Vis·
1219 1666 1293 1752 (·3)

12 1755 17 1860 ’ἱ
136 1749 359 1847 sewalde⁵¹,
393 1775 479 1825 cum
510 1751 728 1825 muneribus
763 1752 892 1825 multis
919 1752 997 1824 ibat
1029 1753 1075 1824 ad
1101 1777 1256 1850 regem

135 1876 321 1965 magnum
333 1851 535 1950 Nogardie,
554 1851 658 1950 pacis
677 1876 770 1924 cum
784 1877 828 1926 eo
848 1852 975 1927 federa
991 1877 1232 1950 componens.

12 1985 14 2014 r
137 1951 240 2046 Qui
230 1976 267 2024 1n
286 1952 501 2026 reversione
520 1976 588 2024 sua
614 1962 746 2050 captus
766 1963 824 2026 est
843 1977 863 2024 a
881 1952 1059 2026 fratribus
1082 1953 1234 2051 milicie,

12 2061 14 2160 ξ
138 2062 177 2126 et
208 2039 296 2124 duct
281 2062 344 2125 tus
370 2063 428 2126 est
458 2053 496 2125 in
521 2052 690 2126 Wenden
719 2063 757 2126 et
787 2053 977 2150 proiectus
1004 2053 1041 2126 in
1071 2053 1233 2127 vincula.

12 2165 14 2194 ³
136 2152 185 2224 Et
212 2155 411 2226 tenebatur
437 2153 574 2227 ibidem
595 2153 724 2226 diebus
752 2153 894 2250 multis,
922 2153 1041 2228 donec
1064 2154 1236 2228 venirent

12 2297 13 2336 1
137 2252 292 2349 quidam
310 2253 525 2328 deLetonia
544 2253 590 2326 de
610 2253 740 2338 amicis
759 2255 901 2327 eiusad
920 2279 1019 2328 eum.
1056 2255 1145 2327 Post
1163 2255 1234 2328 hec
1331 2313 1338 2325 .

12 2401 13 2430 ;
137 2353 264 2451 gladio
285 2377 326 2427 se
344 2354 470 2451 ipsum
490 2353 701 2452 perforavit.

212 2453 366 2527 Interim
384 2454 661 2549 WoldemaruS,
689 2455 847 2526 advocat
832 2463 893 2526 tus
915 2453 1172 2528 Ydumeorum
1197 2465 1293 2552 εῐ(4)

12 2605 14 2632 ,
136 2553 353 2650 Lettorum,
388 2555 508 2627 multa
534 2554 701 2628 metebat
728 2578 800 2650 que
827 2577 903 2626 non
930 2553 1233 2653 seminaverant,

137 2653 309 2727 iudicans
328 2654 465 2728 iudicia
490 2665 528 2730 et
553 2677 688 2728 causas
715 2679 859 2749 eorum,
887 2664 925 2727 et
952 2679 1038 2727 cum
1056 2679 1131 2727 non
1155 2656 1233 2769 pla·

137 2765 268 2828 cerent
282 2755 458 2868 episcopo
474 2754 753 2853 Raceburgensi
774 2765 811 2828 et
826 2753 946 2828 eciam
961 2755 1133 2828 omnibus
1149 2755 1233 2828 aliis

12 2907 14 2928 2
136 2878 207 2927 sua
234 2855 419 2953 iudicia,
393 2880 491 2968 ipse
509 2856 660 2930 tandem
680 2854 907 2930 desiderium
929 2854 1119 2957 implendo
1139 2856 1234 2928 mul·

12 2979 15 3040 {
135 2965 265 3030 torum
284 2955 401 3028 abiit
391 2981 429 3028 ln
448 2955 636 3029 Rusciam.

12 3117 15 3124 .
212 3055 351 3130 Milites
371 3056 485 3130 etiam
504 3057 549 3130 de
563 3057 767 3152 Kukenoys
787 3066 824 3129 ct
837 3056 935 3130 Letti
954 3056 1082 3155 sepius
1098 3021 1293 3152 eodernl5)

12 3189 13 3238 1
100 3155 104 3162 '
136 3166 310 3253 tempore
329 3155 488 3232 Selones
508 3167 545 3231 et
566 3155 745 3230 Lettones
773 3156 1040 3256 despoliantes,
1066 3158 1175 3232 villas
1195 3169 1234 3232 et

12 3249 14 3302 ῗ
137 3255 301 3329 confinia
330 3280 462 3330 eorum
480 3266 735 3354 vastaverunt,
764 3267 802 3330 ct
827 3257 922 3330 alios
950 3256 1231 3356 interficientes

136 3357 234 3430 alios
249 3357 417 3456 captivos
431 3359 624 3452 ducentes,
644 3367 682 3430 et
699 3357 736 3428 in
749 3357 810 3429 via
825 3359 1041 3454 frequenter
1057 3358 1233 3432 insidian-

12 3447 13 3500 l
135 3467 208 3553 tes,
231 3458 402 3530 multa
370 3482 424 3530 ers
438 3459 539 3531 mala
557 3457 781 3530 intulerunt.
809 3458 914 3530 Unde
932 3457 1111 3533 Lettones
1130 3459 1234 3531 colli-

135 3565 271 3656 gentes
291 3559 510 3653 exercitum,
535 3567 752 3632 veneruntt
754 3581 841 3630 rans
861 3557 1037 3630 Dunam
1027 3585 1064 3632 m
1083 3559 1249 3658 provin·

12 3657 23 3694 '-
135 3657 234 3730 ciam
254 3657 604 3754 Lenewordensem,
624 3668 662 3732 et
679 3658 1046 3770 comprehenderunt
1058 3659 1231 3755 Lyvones

12 3833 14 3860 ζ
134 3758 173 3830 in
199 3757 300 3830 villis
328 3770 366 3832 et
394 3758 612 3833 occiderunt
638 3783 683 3832 ex
712 3757 780 3854 eie,
814 3767 852 3831 et
878 3759 1122 3834 muliereset
1107 3770 1267 3857 t·par

12 3907 18 3960 'r
133 3860 245 3933 vulos
278 3870 316 3934 et
337 3883 476 3957 pecora
507 3882 637 3933 secum
669 3857 856 3932 minantes
889 3869 927 3934 et
957 3860 1080 3959 spolia
1111 3861 1231 3935 multa

12 3989 15 4066 ζ
134 3961 320 4056 tulerunt,
360 3971 397 4035 et
433 3959 620 4033 seniorem
652 3959 770 4056 ipsius
800 3960 994 4057 provincie
1032 3961 1232 4036 Uldewene

12 4117 16 4130 ’
135 4160 181 4234 54)
201 4162 235 4216 ae
255 4159 380 4216 uerene.
455 4159 500 4233 55)
521 4158 562 4215 or.
581 4160 631 4216 av.
650 4159 741 4217 Lucae
762 4159 805 4226 13,
822 4119 868 4214 212
979 4131 981 4138 '
