3104 5012
341 449 389 522 76
483 446 696 522 Hulrtmcl
724 445 1003 532 CHRONICON
1028 445 1280 523 LYVONIAE.

279 647 283 654 ’
342 636 458 720 uirum
487 658 524 721 et
549 646 675 720 anima
701 672 775 719 una
804 658 933 721 contra
962 671 1102 722 nomen
1129 647 1435 721 christianorum.

342 747 471 845 Caupo
490 747 616 843 itaque
635 757 673 821 et
690 737 862 843 L'yvones
881 758 920 821 et
936 746 1033 822 Letti
1059 747 1201 823 reversi
1225 748 1271 821 de
1298 745 1436 844 prelio,

340 847 566 945 planxerunt
591 847 811 920 interfectos
836 870 940 943 suaa,
967 847 1094 921 tristes
1123 871 1168 921 eo
1195 847 1293 944 quod
1313 870 1437 944 nuper

317 946 519 1046 baptizati
546 947 744 1045 apagauis
769 946 843 1020 sint
861 948 1046 1044 trucidati,
1074 958 1111 1021 et
1135 947 1361 1020 condolebat
1379 945 1437 1020 eis
1533 941 1538 1086 p

341 1058 419 1124 tota
439 1047 612 1138 ecclesia,
640 1072 712 1143 que
724 1057 820 1120 tunc
840 1057 920 1121 erat
937 1057 1130 1144 tamquam
1149 1049 1343 1142 ArcturuS,
1372 1047 1436 1144 qui
1535 1091 1538 1146 ἰ

342 1171 495 1245 semper
519 1146 685 1220 tunditur
702 1156 751 1232 ,et
777 1171 968 1244 nunquam
1000 1147 1202 1246 frangitur,
1238 1158 1436 1243 tamquam
1534 1151 1538 1270 ,

342 1247 457 1322 archa
480 1248 574 1343 Noe,
600 1269 673 1344 que
697 1247 846 1346 magnis
876 1247 1026 1344 quidem
1050 1245 1224 1320 fluctibus
1252 1247 1436 1343 elevatur,
1534 1275 1538 1336 3

342 1349 407 1421 sed
427 1372 502 1420 non
520 1347 696 1440 alliditur,
722 1346 894 1421 navicula
912 1347 1023 1444 Petri,
1051 1371 1124 1453 qpe
1142 1348 1251 1420 undis
1270 1346 1438 1444 quatitur

342 1448 407 1521 sed
427 1472 503 1520 non
522 1446 788 1545 submergitur,
806 1447 955 1542 mulier,
979 1472 1091 1544 quam
1111 1448 1224 1520 draco
1242 1451 1437 1545 persequi·
1537 1439 1538 1480 ³

342 1560 404 1620 tur
422 1549 487 1620 sed
507 1571 582 1620 non
601 1547 789 1645 opprimit.
825 1547 914 1622 Post
926 1548 1024 1620 hanc
1039 1548 1138 1622 euim
1151 1545 1436 1623 tribulationem
1537 1623 1538 1628 ,

342 1659 472 1720 secuta
489 1656 547 1720 est
564 1647 787 1742 consolatio,
804 1658 891 1744 post
903 1647 1101 1721 tristiciam
1121 1646 1223 1722 dedit
1236 1647 1339 1720 Deus
1354 1647 1437 1720 leti·
1536 1665 1538 1742 ᾗ

281 1747 452 1848 (cloiam.
489 1748 584 1822 Nam
608 1745 747 1820 missus
773 1759 832 1821 est
848 1747 1036 1821 Arnoldus
1055 1749 1172 1822 frater
1188 1747 1328 1820 milicie
1347 1771 1437 1822 cum
1537 1825 1538 1832 ἵ

220 1905 222 1910 -
341 1847 454 1924 sociis
474 1846 551 1922 suis
571 1848 617 1920 ad
635 1871 767 1945 regem
786 1848 832 1921 de
852 1847 1024 1943 Ploceke,
1050 1848 1082 1924 si
1109 1849 1207 1921 forte
1225 1872 1359 1946 pacem
1378 1871 1438 1952 reg
1537 1929 1538 1932 Ἴ

343 1948 456 2047 cipiat
483 1960 521 2021 et
549 1947 822 2022 mercatoribus
847 1947 1074 2046 Rigensib‘us
1098 1948 1201 2022 viam
1227 1949 1265 2022 in
1291 1959 1436 2022 terram
1536 2017 1538 2024 ,

342 2072 451 2122 suam
470 2048 625 2146 aperiat.
668 2048 740 2135 Qui
758 2047 922 2146 benigno
941 2047 1128 2146 recipiens
1151 2071 1218 2122 eos
1237 2047 1378 2122 affectu
1399 2059 1437 2122 et

341 2149 446 2247 pacis
464 2147 734 2245 tranquillitate
753 2148 1008 2248 congaudem,
1035 2146 1124 2223 licet
1140 2147 1179 2221 in
1206 2148 1306 2244 dolo,
1333 2146 1437 2222 misit
1537 2153 1538 2156 ’

342 2273 429 2323 cum
448 2249 503 2322 eis
520 2248 734 2344 Ludolfum,
762 2249 882 2322 virum
899 2249 1125 2346 prudentem
1144 2272 1188 2322 ac
1210 2248 1363 2322 divitem
1382 2249 1435 2322 'de
1537 2251 1538 2254 ’

342 2334 642 2444 Sr'rralenceke23,
670 2359 712 2421 ut
735 2348 870 2447 Rigam
887 2347 1056 2444 veniens,
1084 2373 1156 2447 que
1174 2348 1272 2422 iusta
1291 2358 1437 2422 suntet

342 2450 499 2546 pacifica
526 2458 715 2524 retractet.
765 2448 836 2536 Qui
864 2459 1065 2547 postquam
1092 2450 1130 2522 in
1156 2448 1291 2546 Rigam
1322 2471 1435 2528 vene·

342 2561 429 2622 runt
447 2559 485 2623 et
502 2549 604 2648 regis
618 2551 852 2630 voluntatem
871 2558 1113 2648 aperuerunt,
1138 2548 1282 2647 placuit
1297 2548 1435 2646 Rigen·

342 2649 464 2745 sibus,
493 2660 530 2723 et
552 2650 651 2723 facta
680 2660 738 2723 est
761 2675 835 2748 pax
858 2660 1042 2746 perpetua
1068 2660 1157 2722 tunc
1184 2649 1305 2745 primo
1335 2648 1435 2721 inter

223 2748 225 2754 ’
340 2773 472 2847 regem
492 2760 529 2822 et
545 2749 742 2846 Rigeuses,
771 2749 823 2822 ita
840 2760 981 2846 tamen,
1008 2759 1049 2822 ut
1073 2749 1246 2845 Lyvones
1266 2748 1435 2822 debitum

340 2849 523 2922 tributum
553 2847 635 2946 regi
666 2849 885 2946 persolvant
914 2848 1107 2922 annuatim
1137 2849 1199 2922 vel
1230 2848 1434 2947 episcopus

342 2972 408 3045 pro
429 2947 494 3021 eis.
546 2949 593 3020 Et
610 2948 730 3045 gavisi
749 2957 837 3021 sunt
854 2972 999 3044 omneS,
1028 2959 1068 3022 ut
1087 2973 1132 3022 eo
1151 2950 1322 3022 securius
1345 2973 1435 3022 cum

262 3142 265 3146 ,
341 3047 540 3120 Estonibus
561 3046 698 3122 etaliis
718 3048 893 3147 gentibus
913 3050 1054 3124 bellare
1072 3050 1232 3122 valeant.
1269 3048 1377 3136 Quod
1397 3060 1437 3122 et

340 3150 482 3220 factum
503 3158 570 3220 est.
1137 3150 1139 3154 ’

258 3259 331 3342 (10.)
416 3246 647 3321 Adveniente
664 3273 828 3345 namque
851 3248 1055 3323 nativitatis
1071 3248 1255 3322 dominice
1270 3248 1436 3346 solemp-

341 3345 458 3421 nitate
491 3358 528 3421 et
559 3348 705 3444 hyemis
738 3348 942 3446 asperitate
976 3350 1249 3445 invalescente,
1281 3347 1436 3438 mittunt

341 3448 511 3522 seniores
529 3448 749 3546 Rigensium
768 3473 837 3545 per
854 3460 973 3526 totam
991 3448 1196 3545 Lyvoniam
1216 3460 1255 3522 et
1270 3447 1436 3521 Lettiam

341 3557 379 3621 et
397 3574 464 3647 per
477 3557 596 3622 totam
611 3549 843 3648 provinciam
858 3560 895 3622 et
912 3574 981 3648 per
994 3549 1120 3623 omnia
1135 3560 1258 3626 castra
1273 3534 1381 3622 llune
1396 3560 1451 3622 et-

342 3648 478 3745 Coiwe,
498 3661 538 3723 ut
554 3650 707 3725 veniant
724 3673 856 3723 omues
876 3659 913 3744 et
930 3649 1005 3726 sint
1021 3649 1142 3748 parati
1157 3650 1203 3723 ad
1221 3648 1436 3722 faciendam

338 3749 540 3824 vindictam
551 3749 588 3822 in
598 3751 780 3824 Estouum
794 3749 1023 3845 nationibus3
1044 3761 1081 3823 et
1095 3748 1266 3848 pervenit
1276 3751 1435 3822 verbum

338 3848 379 3923 in
396 3851 647 3946 Plescekowe,
676 3850 737 3946 qui
764 3861 853 3923 tunc
879 3861 986 3924 erant
1002 3850 1197 3932 nobiscum
1216 3873 1352 3949 pacem
1369 3847 1436 3922 ha·
1531 3931 1533 3938 Α

341 3951 485 4044 bentes,
511 3962 548 4024 et
572 3950 675 4024 venit
697 3949 860 4032 maxima
883 3952 990 4024 turba
1016 3950 1276 4024 Ruthenorum
1294 3949 1434 4022 nostris

341 4049 378 4121 in
398 4049 587 4122 auxilium.
624 4052 669 4123 Et
683 4061 867 4124 venerunt
885 4050 1055 4124 seniores
1074 4062 1175 4126 terre
1194 4049 1376 4124 Russinus
1397 4061 1436 4124 et

312 4247 315 4252 Ι
337 4173 385 4248 28)
404 4173 556 4233 Smolousl.
