3016 5016
238 516 450 592 nnrnncr
478 503 758 590 canopicon
784 515 1036 618 amonim.
1101 489 1104 494 ’
1136 523 1179 596 11

13 737 15 784 ἱ
78 725 280 821 Lyvonum
303 719 507 792 incendunt
534 726 572 790 et
602 716 640 788 in
671 716 744 790 hiis
771 727 807 790 et
832 718 875 791 in
891 717 977 791 aliis
1001 729 1183 818 quantum

81 825 214 900 valent
238 845 304 895 eos
330 817 610 917 dampnificant.
655 817 827 913 Lyvones
852 818 925 892 hoc
949 819 1118 894 videntes
1147 831 1186 895 et

82 923 212 998 maius
238 920 450 1020 periculum
477 927 690 992 metuentes
708 941 844 1015 pacem
862 931 1047 994 renovant
1069 931 1107 994 et
1121 919 1185 994 'fir-

84 1035 193 1100 mant
226 1033 264 1097 et
303 1045 390 1094 cum
422 1018 601 1117 episcopo
628 1029 666 1092 et
692 1019 828 1092 ceteris
862 1019 1104 1095 'l'heutonicis
1139 1023 1184 1095 ad

13 1119 20 1202 1·
84 1130 214 1200 locum
235 1122 329 1221 Rigc
346 1121 499 1214 vadunt,
527 1119 587 1191 ubi
607 1121 701 1192 Asso
723 1129 760 1192 et
786 1120 915 1218 plures
940 1121 1004 1214 alii
1023 1121 1186 1220 gratiam

13 1225 22 1332 1
86 1223 267 1326 baptismi
285 1220 538 1321 percipiunt·
723 1316 725 1318 Ι
855 1245 860 1254 ’
952 1247 953 1254 “
1272 1235 1275 1240 ·

13 1337 18 1384 t
162 1326 377 1424 Episcopus
407 1332 535 1394 tamen
568 1321 614 1391 ob
646 1319 844 1417 perfidiam
874 1320 1069 1417 Lyvonum
1102 1322 1247 1421 paci(4·)

13 1457 19 1518 1
89 1451 223 1502 eorum
248 1449 325 1497 non
351 1422 557 1512 confidens
585 1444 698 1517 quam
722 1419 797 1493 iarn
823 1421 1050 1497 multociens
1079 1448 1188 1523 rupe·

13 1521 14 1528 '
88 1538 185 1624 rant⁷
214 1525 365 1598 obsides
390 1524 435 1595 ab
462 1524 621 1595 Annone
639 1531 686 1594 et
713 1520 893 1618 Caupone
918 1533 956 1596 et
978 1523 1189 1599 senioribus

89 1640 190 1703 terre
210 1624 339 1724 exigit,
358 1621 421 1721 qui
436 1621 600 1695 vocatia
619 1621 862 1696 Theutonicis
875 1625 920 1696 ad
936 1625 1189 1722 potacionem,
1314 1719 1315 1723 Ἴ

92 1751 226 1802 omnes
240 1726 360 1799 simul
370 1722 597 1797 conveniunt
614 1732 651 1795 et
670 1722 705 1794 in
721 1748 796 1795 una
809 1723 1051 1798 includuntur
1065 1727 1188 1797 domu.

93 1833 140 1904 nt
157 1827 212 1901 1111
231 1828 409 1900 timentes
429 1848 476 1898 ne
499 1834 604 1896 trans
623 1847 729 1896 mare
753 1823 791 1894 in
810 1824 1060 1899 Theutoniam
1079 1827 1192 1900 dedu·

94 1940 247 2024 cantur,
275 1949 414 2026 pueros
440 1947 551 2020 suos,
578 1922 641 2019 qui
669 1925 715 1997 de
742 1924 851 1998 Duna
879 1935 916 1999 et
939 1926 976 1998 in
994 1926 1206 2023 Thoreyda
1282 1971 1284 1976 .

94 2033 248 2106 fuerunt
274 2026 470 2122 meliores⁷
498 2025 636 2097 domno
663 2024 842 2123 episcopo
872 2025 1022 2100 circiter
1041 2027 1193 2127 triginta

95 2135 375 2230 representant3
412 2124 506 2223 quos
532 2124 596 2201 ille
622 2126 721 2199 letus
749 2124 885 2224 accipit
903 2133 940 2201 et
958 2137 1100 2201 terram
1118 2127 1193 2200 Do·
1285 2195 1300 2206 ,.
1422 2203 1434 2222 Α,

97 2233 197 2306 mino
218 2229 473 2323 committens⁷
500 2225 537 2298 in
555 2225 831 2299 Theuthoniam
849 2227 961 2300 vadit.

61 2358 67 2369 ·
170 2335 270 2406 Ante
288 2329 428 2404 exitum
448 2351 558 2400 suum
573 2325 745 2422 Lyvones
765 2328 942 2425 episcopo
962 2329 1088 2402 locum
1108 2327 1254 2416 civi-(5.)

98 2435 183 2505 tatis
211 2435 485 2523 demonstrant,
512 2451 627 2524 quarn
646 2435 683 2500 et
710 2427 844 2525 Rigam
863 2430 1068 2528 appellant,
1094 2430 1196 2502 vela

101 2533 194 2632 Riga
211 2533 311 2628 lacu,
337 2529 397 2604 vel
423 2529 530 2626 quasi
548 2527 742 2626 irriguam⁷
769 2553 856 2602 cum
879 2530 1016 2603 habeat
1040 2528 1196 2603 inferius

100 2631 284 2733 irriguum
310 2656 354 2705 ac
372 2630 557 2726 irriguum
582 2628 765 2726 superius.
815 2629 1001 2728 irriguum
1027 2629 1197 2725 inferius,

77 2759 146 2809 -eo
173 2733 273 2832 quod
300 2732 349 2804 sit
374 2730 481 2828 aquis
509 2739 547 2803 et
572 2728 725 2826 pascuis
751 2729 911 2828 irrigua,
942 2731 1002 2804 vel
1027 2754 1072 2805 eo
1096 2732 1196 2827 quod
1237 2825 1239 2828 Ι

103 2835 336 2908 ministratur
354 2831 392 2903 in
411 2855 456 2904 ea
472 2830 736 2927 peccatoribus
751 2830 920 2928 plenaria
934 2831 1196 2929 peccaminum
1290 2833 1292 2838 ’

103 2935 297 3028 remissio7
326 2943 363 3026 et
386 2955 454 3030 per
479 2954 564 3004 eam
587 2930 770 3028 irriguum
800 2931 986 3029 superiuS,
1015 2934 1113 3029 quod
1139 2943 1197 3006 cst

103 3061 260 3134 regnum
280 3035 470 3126 celorum,
499 3056 566 3128 per
593 3055 829 3128 consequens
856 3031 1109 3129 ministratur,
1136 3032 1197 3107 vel

104 3135 195 3234 Riga
222 3159 320 3208 nova
345 3133 419 3206 fide
452 3131 575 3229 rigata
602 3143 639 3205 et
669 3133 754 3229 quia
781 3157 848 3230 per
878 3157 964 3207 eam
994 3143 1128 3232 gentes
1159 3132 1198 3205 in

105 3237 259 3310 circuitu
276 3258 387 3328 sacro
401 3232 636 3332 baptismatis
651 3233 755 3306 fonte
770 3232 950 3331 rigantur.
988 3233 1196 3332 Episcopus
1208 3241 1256 3330 (6.)

106 3348 229 3410 autem
252 3332 584 3428 sciensLyvonum
599 3333 789 3406 maliciam
808 3344 846 3406 et
869 3334 1021 3430 videns,
1050 3359 1091 3409 se
1116 3335 1198 3409 sine

106 3438 240 3510 auxilio
264 3434 554 3536 peregrinorum
580 3433 618 3506 in
646 3443 759 3532 gente
784 3433 848 3506 iila
872 3459 947 3506 non
973 3457 1087 3532 posse
1113 3460 1199 3534 pro·
1275 3435 1278 3441 ’

107 3535 229 3631 ficere,
247 3538 403 3610 fratrem
414 3534 689 3608 Theodericum
707 3535 753 3608 de
771 3534 955 3608 Thoreida
975 3559 1044 3632 pro
1063 3536 1198 3610 litteris

34 3653 38 3664 ’
108 3636 530 3736 expedicionisRomam
550 3634 673 3707 mittit.
708 3634 779 3721 Qui
793 3634 994 3733 negocium
1010 3635 1078 3708 sibi
1099 3661 1198 3710 oom-

108 3737 261 3813 missum
281 3735 519 3811 sanctissimo
538 3760 636 3834 pape
654 3734 875 3808 innocencio
894 3735 1079 3834 revelans,
1103 3736 1199 3810 litte·

107 3859 166 3910 ras
193 3842 238 3912 ab
267 3864 311 3912 co
340 3836 620 3937 prenominatus
648 3846 685 3910 et
712 3837 873 3933 benigne
891 3848 1086 3934 porrectas
1106 3838 1201 3937 opti-

41 4005 45 4012 .
109 3937 194 4009 nuit.
245 3939 365 4038 Ipsius
394 3937 514 4012 eciam
533 3947 667 4034 rogatu
694 3947 732 4010 et
754 3936 938 4010 instancia
965 3937 1066 4012 idem
1089 3964 1201 4013 vene·

109 4039 242 4112 randus
261 4039 430 4112 Romane
450 4037 549 4112 sedis
569 4037 726 4110 antistes
746 4036 919 4111 omnibus
939 4037 1199 4137 Semigaliiam

110 4140 345 4214 mercationis
365 4161 480 4214 causa
507 4138 831 4236 frequentantibus
859 4138 1026 4214 districte
1049 4150 1200 4238 portum

110 4233 272 4332 ipsorum
300 4244 368 4313 sub
401 4240 642 4314 anathemate
673 4239 856 4337 prohibet.
916 4238 1024 4327 Quod
1058 4241 1259 4339 factum.)
