3104 5012
284 409 498 484 HElNlllCl
524 408 803 484 CHRONlCON
828 409 1081 484 LYVONlAE.
1155 415 1227 488 123

134 609 392 685 benediximus
418 633 551 684 omnes
576 609 799 706 Dominum,
831 635 876 685 eo
904 613 1004 708 quod
1031 611 1229 687 visibiliter

20 711 21 718 ’
134 711 306 785 liberavit
322 733 390 782 nos
410 711 456 782 ab
474 710 645 784 incendio
663 711 841 807 presenti.
887 711 934 786 Et
956 713 1149 810 pellebant
1171 737 1229 786 se-

135 811 325 885 cundum
315 835 442 909 rgnem
462 820 500 884 et
516 811 690 908 tercium⁷
717 822 848 884 contra
865 836 961 907 qrros
976 812 1039 888 diu
1057 837 1228 912 pugnan-

133 923 191 986 tes
210 921 248 985 et
265 936 402 1008 aquam
430 912 630 985 fundentes
648 911 810 984 multum
836 911 1105 1009 laboravimus,
1130 938 1227 1010 quos

134 1012 248 1086 etiam
265 1011 419 1085 tandem
437 1022 571 1085 ventus
597 1011 757 1084 removit
779 1012 938 1107 anobis.
983 1013 1137 1088 Interim
1164 1013 1227 1087 alii

20 1125 21 1132 ’
133 1112 294 1189 Iistones
322 1122 430 1185 erant
455 1112 685 1210 remigantes
714 1112 812 1184 circa
837 1136 925 1209 nos,
959 1123 998 1186 et
1020 1113 1163 1187 lanceis
1190 1125 1229 1188 et

133 1211 282 1310 sagittis
309 1211 388 1285 suis
414 1210 654 1285 vulnerantes
681 1211 809 1324 plures
836 1237 883 1286 ex
908 1214 1065 1310 nostris,
1102 1224 1140 1288 et
1164 1213 1228 1287 alii

132 1314 333 1386 redeuntes
351 1312 488 1385 iterum
507 1310 693 1386 eadem
658 1337 719 1384 vra
737 1311 878 1384 circum
897 1336 967 1385 nos
985 1313 1183 1428 lapidibus
1190 1325 1229 1388 et

132 1412 238 1511 pedis
270 1411 348 1484 suis
379 1411 563 1486 iactantes
590 1436 705 1510 super
731 1435 811 1484 nos⁰
865 1413 912 1484 Et
937 1424 1046 1486 erant
1069 1414 1227 1488 timores

132 1513 239 1585 nobis
258 1521 337 1585 tam
356 1514 401 1586 de
411 1522 525 1625 portu
545 1513 675 1586 clauso
688 1537 803 1609 quam
822 1513 867 1586 de
882 1513 1096 1586 bellorum
1085 1539 1228 1588 incom-

132 1613 267 1686 modis.
311 1611 359 1683 Et
386 1612 439 1685 ait
461 1613 638 1693 Albertus
657 1611 747 1686 Sluc
770 1625 886 1686 nauta
913 1625 1059 1687 noster:
1095 1615 1185 1710 St,
1175 1640 1229 1686 1n·

133 1713 222 1810 quit,
250 1715 441 1806 pacienter
467 1713 716 1806 obtemperare
741 1713 940 1807 volueritis,
968 1713 1139 1787 liberabit
1159 1739 1228 1788 nos

133 1813 314 1886 Dominus
332 1836 356 1883 a
370 1813 544 1906 perieulis
557 1811 795 1908 presentibus.
834 1813 934 1909 Cum,
959 1814 1092 1911 inquit,
1117 1837 1228 1887 naues

133 1921 260 1988 nostre
285 1937 357 1986 non
382 1917 458 1985 sint
482 1921 611 1986 onusto
635 1912 701 1985 sed
717 1937 842 2007 oaeue,
872 1921 909 1986 et
924 1913 1072 1987 modico
1088 1917 1230 2004 sufficit

133 2017 182 2088 eis
201 2012 459 2108 profunditas,
487 2013 566 2086 alia
587 2017 648 2085 via
667 2017 873 2105 poterimus
890 2016 999 2108 orire,
1029 2018 1064 2086 si
1079 2014 1229 2108 cymbas

20 2163 21 2170 .
133 2116 359 2188 intraveritis
383 2116 501 2200 fortes
526 2116 596 2186 oiri
621 2120 659 2185 et
673 2116 823 2207 armati,
849 2121 885 2186 et
906 2114 1090 2187 anchoras
1115 2113 1228 2187 dedu·

134 2222 250 2287 rentes
266 2216 521 2308 proieceritis
507 2237 544 2286 m
557 2212 798 2308 profundum,
812 2237 882 2307 per
893 2213 1053 2287 medium
1068 2215 1228 2288 bostium

133 2320 347 2388 reuertentes
364 2315 495 2386 iterum
509 2312 561 2384 ad
577 2338 658 2394 nos
684 2317 870 2410 ceterique,
887 2315 1039 2401 funibus
1056 2314 1228 2387 anchoris
1291 2347 1302 2373 ν

133 2415 309 2509 alligatis,
336 2438 517 2509 coppones
541 2399 719 2512 hahendo
744 2411 1023 2510 subsequantur,
1050 2412 1204 2486 donec
1190 2437 1229 2486 m

127 2514 350 2609 profundite
354 2522 424 2587 tem
451 2516 567 2586 maris
593 2515 856 2626 perveniamus.
917 2512 966 2585 Et
994 2513 1229 2587 obedivimus

133 2639 267 2690 omnes
286 2625 324 2688 et
340 2614 536 2710 traximus⁷
564 2614 683 2687 donec
701 2613 870 2686 transitis
889 2613 1201 2726 difficultatibus
1190 2639 1229 2686 m

132 2741 238 2790 mare
259 2739 439 2813 magnum
460 2724 498 2788 et
515 2713 725 2811 spatiosum
749 2708 1001 2810 pervenimus
1047 2713 1120 2800 Qui
1137 2738 1227 2787 vero

126 2816 169 2888 in
187 2815 335 2912 cymbis
360 2815 544 2886 anchoras
563 2815 797 2888 deduxerunt
821 2813 961 2887 milites
985 2825 1023 2887 et
1041 2814 1162 2927 servi.
1172 2838 1230 2888 se·

130 2917 329 2990 vissimam
355 2914 679 3013 impugnationem
704 2913 821 3011 passi,
846 2913 989 2988 lanceis
1016 2924 1055 2988 et
1081 2913 1229 3012 sagittis

132 3017 305 3115 ipsorum
324 3040 394 3089 nec
413 3039 488 3086 non
507 3025 544 3088 et
570 3013 738 3112 lapidum
765 3013 925 3088 iactibus
952 3015 1117 3112 graviter
1143 3025 1231 3087 sunt

20 3141 22 3148 ·
126 3115 331 3190 vulnerati
375 3115 447 3202 Qui
471 3115 624 3188 tandem
650 3115 829 3188 tollentes
855 3139 986 3189 secum
1003 3115 1148 3189 ferrum
1172 3140 1231 3188 re-

133 3241 292 3290 curvum
309 3215 371 3289 vel
385 3239 524 3287 uncum
542 3217 721 3312 ferreum,
739 3216 867 3311 quod
857 3241 896 3287 1n
910 3215 1075 3312 aliquam
1093 3215 1231 3313 pyrati-

133 3341 267 3390 earum
304 3317 545 3428 proicerent
553 3326 591 3388 et
626 3314 754 3388 taliter
790 3315 1125 3413 apprehenderent.
1183 3313 1231 3387 Et

132 3417 318 3491 iactantes
332 3416 370 3488 in
389 3440 517 3511 unam,
534 3414 611 3487 iam
625 3439 709 3489 eam
724 3416 913 3493 attrahere
925 3417 1117 3512 putabant.
1154 3412 1230 3488 Sed

126 3517 298 3591 Estones
327 3515 542 3602 vehementi
574 3515 824 3614 remigatione
857 3515 1048 3613 fugientes
1080 3517 1125 3587 ab
1162 3515 1230 3611 eis,

126 3617 229 3694 alias
260 3616 450 3716 pyraticas
487 3615 616 3690 obvias
651 3616 872 3688 habuerunt
934 3616 981 3688 Iit
1012 3639 1097 3687 cum
1128 3624 1231 3688 esset

133 3722 270 3794 eadem
295 3719 390 3792 hora
415 3719 487 3791 hec
518 3717 639 3790 oratio
666 3714 835 3813 episcopi
861 3716 907 3787 ad
934 3717 1085 3789 beatam
1111 3714 1231 3812 Virgi-

133 3845 242 3892 nem:
282 3817 453 3894 Monstra
471 3825 504 3891 te
522 3841 598 3890 esse
615 3823 780 3912 matrem,
807 3822 972 3888 monstro
995 3821 1028 3888 te
1053 3839 1130 3888 esse
1152 3837 1231 3886 ma-

134 3927 257 4032 trernp
275 3943 408 3993 revera
426 3917 649 3991 monstravit
672 3941 713 3990 se
740 3939 825 3989 esse
844 3925 1015 3989 matrem.
1050 3915 1148 3988 Nam
1165 3914 1231 3987 illa

133 4019 305 4118 pyratica
322 4018 486 4117 fugiens,
513 4043 585 4115 que
603 4041 743 4116 magna
761 4027 843 4090 erat
867 4026 905 4090 et
921 4015 1101 4090 multis
1066 4014 1156 4089 vnis
1175 4040 1232 4088 re-

132 4121 252 4217 pleta,
278 4120 366 4192 forti
390 4120 502 4217 pulsu
520 4128 630 4192 vecta
647 4142 760 4216 super
777 4117 903 4213 aliam,
931 4117 1050 4191 scissa
1068 4126 1127 4190 est
1145 4139 1231 4189 cnm
