3016 5016
284 415 499 498 HElNRlCl
526 421 806 498 CHRONICON
832 421 1082 498 LYVONIAE.
1183 425 1231 508 37

2 616 20 661 ²·
131 646 230 724 opus
248 623 465 723 iniungitur,
493 633 535 698 ut
562 623 665 722 ligna
690 630 974 724 'comportantes
993 635 1160 700 castrum
1178 624 1233 698 in·

0 744 4 809 t
133 725 316 820 cendant5
351 725 389 797 in
416 749 491 822 qua
516 723 708 823 lignorum
736 725 1044 825 comportacione
1070 725 1233 826 plurima

23 825 29 830 ’
133 824 501 921 eorum'multitudo⁷
520 835 650 924 utpote
668 825 883 922 inermium,
911 851 934 900 a
951 827 1090 926 sagitta
1110 826 1233 901 subito

131 927 286 1001 volante
311 925 510 1001 interfecta
537 936 605 1000 est.
650 925 801 1001 Letlrthi
831 951 921 1000 vero
954 953 1024 1002 neo
1050 937 1235 1003 venerunt

132 1052 205 1103 nec
223 1027 380 1102 nuncios
399 1025 594 1110 miserunt.
630 1026 817 1101 Fecerunt
834 1027 955 1102 eciam
973 1028 1135 1104 Rutheni
1157 1051 1235 1126 ma·
1372 1083 1374 1086 -

8 1182 9 1185 =
135 1128 287 1203 chinum
304 1151 462 1227 parvam
480 1151 587 1202 more
604 1127 963 1225 Thouthonicorum‚
982 1130 1047 1204 sed
1067 1125 1236 1204 nescien'·
1257 1185 1259 1189 a

18 1282 23 1290 -
133 1240 193 1304 tes
204 1239 325 1304 artem
339 1227 484 1328 lapides
498 1227 673 1325 iactandi,
688 1229 817 1328 plures
832 1253 878 1304 ex
892 1229 970 1302 suis
984 1240 1073 1329 post
1084 1240 1234 1330 tergum
1293 1231 1297 1236 ’

133 1328 320 1404 iactantes
337 1330 517 1404 leserunt.
569 1329 816 1404 Tlieuthonici
833 1354 923 1406 vero
943 1355 1030 1405 eum
1049 1332 1161 1431 pauci
1179 1354 1237 1414 es·
1290 1363 1293 1370 ¹

137 1441 234 1530 sent,
253 1439 384 1529 utpote
401 1427 534 1529 viginti
550 1438 712 1527 tantum,
731 1430 907 1507 timentes
921 1431 1018 1506 tradi
1036 1456 1058 1506 a
1077 1431 1236 1529 Lyvoni·

6 1544 9 1547 ’
136 1533 218 1628 bus,
250 1531 313 1629 qui
331 1530 441 1604 multi
459 1540 567 1604 erant
586 1530 745 1605 cum-eis
763 1531 802 1604 in
819 1540 955 1630 castro,
982 1541 1094 1608 nocte
1113 1557 1158 1606 ac
1176 1532 1236 1607 die

137 1632 272 1706 armati
290 1632 329 1705 in
347 1631 555 1736 munitione
581 1632 746 1731 desuper
763 1632 954 1731 sederunt,
982 1633 1236 1708 custodientes

138 1757 265 1808 arcem
290 1744 370 1807 tam
397 1733 444 1808 de
468 1730 600 1806 amicis
624 1732 721 1807 infra
740 1757 853 1830 quam
873 1744 978 1808 extra
997 1735 1043 1808 de
1061 1733 1235 1807 inimicis.

136 1835 312 1931 Lyvones
338 1843 467 1907 autem
494 1857 607 1908 omne
634 1832 833 1908 consilium
860 1836 1068 1933 querebant
1084 1834 1238 1910 cottidie

139 1959 226 2008 cum
245 1959 349 2033 rege,
369 1932 530 2032 qualiter
549 1958 615 2008 eos
634 1934 721 2033 dolo
735 1935 908 2010 tenerent
928 1945 967 2010 et
988 1936 1181 2010 traderent
1198 1935 1237 2008 in

137 2059 276 2113 manus
297 2034 589 2130 'Ruthenorum3
616 2045 654 2108 et
681 2034 753 2108 nisi
781 2034 938 2111 breviati
969 2035 1131 2111 fuissent
1157 2034 1237 2110 dies

139 2136 241 2234 belli,
271 2145 350 2210 tam
377 2135 566 2234 Rigensesv
587 2160 700 2233 quam
718 2136 945 2211 Holmenses
970 2147 1126 2236 propter
1152 2161 1238 2210 suo-

138 2261 223 2311 rum
248 2235 479 2336 paucitatem
504 2235 567 2324 vix
591 2259 633 2310 se
659 2236 861 2312 defendere
884 2237 1106 2337 potuissent.
1142 2238 1238 2313 Nam

140 2338 179 2412 in
205 2337 300 2436 Riga
327 2345 436 2412 erant
460 2336 616 2412 timores
640 2336 741 2410 intus
759 2348 915 2440 propter
941 2337 1131 2424 civitatem
1150 2363 1240 2412 non·

1 2480 3 2522 1
139 2439 229 2512 dum
255 2437 416 2512 firmiter
442 2437 676 2534 edificatam,
704 2447 742 2512 et
767 2441 924 2513 timores
952 2448 1055 2512 extra
1082 2449 1240 2538 propter
1297 2467 1299 2470 ’

1 2536 2 2589 7
140 2563 296 2614 suorum
324 2538 362 2612 in
389 2538 526 2613 Holme
560 2537 832 2614 obsessionem.
885 2538 1090 2613 Redierunt
1116 2539 1238 2614 eciam

1 2675 2 2684 κ
87 2721 93 2728 ,
141 2639 293 2739 quidam
324 2638 496 2735 Lyvones
527 2639 788 2738 exploratores
820 2640 865 2712 ad
896 2663 1028 2739 regem
1056 2639 1237 2738 dicentes,

1 2784 5 2795 ·
140 2765 294 2816 omnem
313 2749 474 2838 c'anpum
494 2749 532 2814 et
550 2763 682 2814 omnes
700 2739 781 2813 vias
801 2741 899 2815 circa
919 2735 1238 2839 Rigamreplelas

1 2853 6 2924 ἓ
139 2865 225 2917 esse
243 2840 378 2916 ferreis
396 2839 589 2915 claviculis
606 2839 841 2938 tridentibus,
867 2842 1109 2916 ostendentes
1127 2865 1238 2941 quos·

140 2943 228 3016 dam
254 2967 301 3016 ex
327 2942 381 3017 eis
406 2940 500 3041 regi,
517 2940 696 3016 dicentes
715 2941 899 3040 quietam
918 2942 1034 3042 pedes
1053 2966 1238 3040 equorum

1 3048 2 3053 ’
110 3087 115 3100 -
139 3067 297 3117 suorum
318 3067 441 3141 quam·
456 3043 574 3117 latera
601 3043 753 3142 propria
779 3050 818 3119 et
833 3045 1046 3142 posteriora
1065 3067 1134 3118 sua
1153 3067 1238 3142 gra·

1 3221 2 3224 ,
136 3144 235 3218 viter
259 3143 424 3242 undique
448 3142 586 3216 talibus
612 3143 736 3217 hamis
754 3154 883 3218 essent
907 3144 1109 3244 perforata.
1152 3143 1236 3234 Quo

138 3245 278 3320 timore
297 3269 361 3319 rex
379 3243 615 3342 perterritus,
634 3243 769 3344 Rigam
784 3270 871 3318 cum
890 3245 1057 3321 exercitu
1071 3268 1140 3318 suo
1160 3269 1237 3318 non

138 3343 352 3442 descendit5
392 3355 431 3419 et
467 3343 639 3419 liberavit
668 3344 853 3419 Dominus
885 3355 1083 3445 sperantes
1113 3345 1151 3419 in
1182 3368 1236 3420 se.

1 3529 2 3534 ,
136 3447 234 3520 Nam
252 3445 527 3542 Tuoreoenses,
551 3444 645 3519 visis
663 3445 820 3520 navibus
842 3445 881 3519 in
900 3445 1007 3542 mari,
1038 3445 1238 3520 nunciare·

1 3579 4 3642 '.
137 3557 226 3621 runt
244 3545 338 3646 regi.
372 3548 421 3620 At
438 3545 515 3642 ille‚
542 3570 628 3620 cum
652 3555 740 3645 post
764 3545 938 3622 undecim
958 3546 1104 3620 dierum
1123 3545 1237 3619 castri

1 3656 2 3659 ’
137 3646 598 3746 impugnationemnichil
616 3645 830 3745 proliceret,
848 3647 913 3722 sed
930 3645 1051 3745 magis
1057 3670 1138 3817 per
1151 3667 1238 3718 suo·

136 3772 224 3822 rum
259 3745 561 3822 interfectionem
596 3747 776 3822 deficeret
809 3747 923 3822 simul
959 3754 997 3822 et
1034 3769 1054 3818 a
1082 3754 1237 3821 ventum

137 3848 485 3924 Thouthonicorum
512 3847 674 3945 timeret,
707 3847 870 3922 surrexit
893 3846 1107 3922 cumomni
1133 3871 1237 3922 exer·

139 3948 213 4022 *itu
238 3972 307 4023 suo
336 3960 374 4024 et
390 3948 596 4024 vulneratis
615 3959 653 4024 et
670 3947 877 4036 interfectis
896 3947 986 4047 auis,
1005 3957 1044 4024 et
1061 3971 1236 4026 reversus

162 4060 197 4123 st
227 4049 378 4149 navigio
410 4048 448 4124 in
479 4059 620 4124 terram
647 4073 778 4146 suam3
819 4049 1064 4130 Gevehardus
1096 4058 1237 4146 autem,

177 4149 283 4251 rpiler
301 4149 483 4251 episcopi,
508 4149 697 4250 deparvo
724 4151 881 4228 vulnere
907 4162 1042 4252 postea
1063 4160 1236 4224 mortuus
